3256 4900
679 395 831 485 -9—

246 580 387 644 dicenda
409 565 498 656 suut,
533 578 677 656 veniam,
712 576 784 640 noli
818 573 940 660 putare
973 596 1026 640 me
1060 576 1100 640 de
1122 575 1268 661 prologo

243 693 388 756 verboso
412 693 445 755 et
468 689 618 773 copioso,
653 668 754 773 quem
788 691 889 772 poeta
921 687 1058 753 fabulae
1080 687 1268 772 praemisit,

242 801 439 867 locuturum
461 820 548 866 esse:
584 786 663 864 nam
698 800 740 864 de
767 799 827 864 illo
858 818 993 883 quoqne
1016 819 1070 862 me
1093 799 1269 883 disputare

242 914 327 979 haec
359 933 414 979 res
449 915 549 990 vetat,
583 912 676 997 quod
703 911 803 975 valde
830 911 972 975 dubium
1006 913 1066 990 est,
1100 929 1268 995 quasnam

243 1025 380 1109 prologi
407 1027 531 1109 partes
566 1043 666 1108 quem
701 1025 812 1088 totum
835 1022 995 1087 Plautum
1027 1041 1096 1086 non
1128 1020 1269 1086 finxisse

244 1140 386 1226 constat,
420 1135 480 1200 ille
507 1134 762 1220 excogitaverit,
796 1153 883 1220 quas
916 1136 1121 1199 retractator
1154 1133 1270 1198 nescio

246 1247 323 1330 quis
346 1251 466 1331 postea
489 1247 644 1312 assuerit.

330 1359 451 1424 Restat
483 1357 591 1442 igitur
622 1355 740 1423 fabula
773 1356 858 1436 sola,
892 1377 980 1441 quae
1013 1356 1113 1441 qnasi
1146 1354 1270 1420 silvam

244 1490 359 1534 rernm
376 1470 420 1534 ad
440 1471 529 1535 hanc
544 1471 777 1555 quaestionem
795 1471 1051 1554 disceptandam
1067 1470 1269 1534 idonearum

244 1582 391 1665 praebet.
439 1581 535 1662 Quae
568 1582 683 1648 omnia
717 1602 804 1667 quae
839 1603 880 1646 ex
901 1580 1020 1647 fabula
1048 1573 1268 1665 colliguntur,

243 1691 293 1756 ita
325 1693 412 1758 mihi
443 1713 517 1758 esse
551 1694 711 1758 videntur
738 1693 984 1772 distribuenda,
1018 1695 1057 1757 nt
1089 1692 1124 1756 in
1159 1690 1269 1775 capite
1337 1731 1339 1738 ,

243 1805 355 1888 primo
393 1805 434 1870 de
470 1805 584 1870 Plauti
621 1806 736 1870 animo
777 1805 910 1870 sollerti
947 1808 980 1868 et
1016 1802 1194 1888 ingenioso
1231 1801 1268 1865 in

244 1916 496 1999 Amphitruone
537 1916 773 1982 transferenda
815 1917 990 1995 disseram,
1035 1916 1072 1980 in
1109 1914 1268 1993 secundo,

244 2028 415 2112 quomodo
459 2029 557 2113 origo
595 2026 728 2094 Graeca
770 2028 944 2113 probabili
982 2026 1099 2111 aliqua
1136 2025 1268 2089 ratione

246 2139 317 2202 erui
340 2140 459 2223 possit,
489 2159 667 2224 exponam,
695 2140 730 2204 in
753 2139 855 2204 tertio
880 2139 920 2202 de
942 2137 1098 2222 vestigiis
1123 2136 1268 2220 originis

246 2247 395 2314 Graecae
418 2250 518 2315 certis
543 2250 722 2334 disputem.

330 2362 444 2445 Atque
467 2361 502 2425 in
527 2361 637 2446 capite
652 2361 764 2446 primo
780 2359 981 2446 proficiscar
996 2380 1038 2423 ex
1053 2359 1097 2424 iis
1111 2357 1269 2423 versibus

246 2472 483 2538 enumerandis
506 2476 539 2536 et
561 2472 784 2557 explicandis,
812 2473 937 2557 quibus
965 2471 1026 2537 illa
1052 2469 1188 2556 egregia
1213 2488 1269 2534 ars

245 2583 433 2649 orationem
456 2584 599 2650 liberius
623 2584 860 2649 conformandi
883 2584 1031 2648 maxime
1053 2582 1171 2660 elucet,
1194 2583 1267 2645 tum

246 2695 287 2760 de
316 2695 360 2759 iis
393 2697 498 2761 verba
529 2695 664 2774 faciam,
700 2695 759 2780 qui
794 2698 854 2760 aut
886 2695 951 2759 toti
985 2697 1045 2759 ant
1077 2716 1119 2759 ex
1152 2695 1269 2780 aliqua

245 2806 367 2872 saltem
399 2811 496 2891 parte
530 2810 571 2872 ad
606 2827 660 2872 res
694 2789 772 2872 vere
805 2808 977 2872 Romanas
1011 2807 1192 2891 pertinent,
1230 2809 1269 2870 ut

246 2919 390 3004 originis
418 2918 593 2984 Romanae
626 2918 740 2983 colore
767 2919 917 3003 quodam
943 2918 1050 2983 fucati
1076 2918 1267 2983 videantur.

245 3030 284 3094 In
308 3029 418 3114 capite
441 3029 548 3094 altero
572 3034 605 3094 et
628 3030 669 3094 de
690 3029 734 3094 iis
757 3029 843 3094 loeis
866 3030 999 3114 loquar,
1028 3029 1152 3113 quibus
1175 3028 1268 3093 locu-

246 3141 355 3206 tiones
401 3161 568 3227 vocesque
606 3141 774 3226 quaedam
808 3143 1134 3217 commemorantur,
1180 3159 1268 3223 qnae

247 3274 325 3318 cum
348 3252 558 3319 Graecorum
591 3252 763 3319 similibus
798 3251 944 3316 conferri,
977 3255 1131 3334 possunt,
1166 3250 1267 3314 etde

244 3363 298 3444 iis,
321 3364 382 3430 ubi
404 3365 490 3429 tales
507 3383 618 3428 mores
642 3364 867 3448 institutaque
883 3360 1082 3441 afferuntur,
1106 3360 1266 3446 qualibus

246 3479 278 3539 et
311 3475 458 3541 Romani
492 3479 525 3540 et
557 3474 681 3541 Graeci
713 3475 843 3560 pariter
876 3475 931 3540 usi
964 3477 1052 3540 sunt.
1099 3473 1139 3537 ln
1166 3473 1267 3537 tertio

245 3586 391 3671 denique
413 3605 470 3651 eos
493 3606 613 3651 versus
636 3586 802 3666 tractabo,
826 3585 951 3671 quibus
972 3604 1059 3669 quae
1074 3587 1268 3664 narrantur,

245 3698 483 3762 tantummodo
506 3697 550 3762 ad
573 3717 627 3762 res
650 3717 728 3762 vere
744 3696 894 3763 Graecas
911 3695 1088 3761 referenda
1111 3715 1184 3760 esse
1205 3715 1268 3780 pro

245 3810 338 3873 certo
361 3807 527 3873 affirmari
548 3810 669 3893 potest.
