3256 4900
730 435 765 495 21

238 628 270 690 et
311 621 489 687 molestias
534 619 743 700 exhibuisse,
789 619 913 704 quibus
955 617 1026 683 eius
1064 615 1262 682 stomachus

237 737 352 802 motus
376 735 473 798 esset.

324 845 440 911 Etiam
463 843 499 907 in
522 843 577 908 his
600 842 764 908 Mercurii
785 842 900 907 verbis
923 841 968 924 (v.
985 844 1048 907 484
1064 840 1131 925 sq.)

369 955 516 1036 „Verum
539 953 666 1019 minori
687 972 792 1038 puero
815 952 926 1017 maior
949 954 1000 1018 est
1022 954 1129 1037 pater,

367 1067 484 1133 Minor
506 1065 649 1130 maiori“

239 1179 292 1244 vis
320 1178 488 1263 quaedam
515 1176 642 1260 duplex
664 1176 761 1241 inest.
805 1177 894 1241 Nam
918 1175 1029 1240 dicere
1051 1174 1138 1238 vult:
1173 1173 1266 1259 patri

242 1289 374 1367 maiori,
397 1289 432 1352 id
455 1290 507 1353 est
521 1287 544 1351 J
546 1288 603 1352 ovi
623 1287 791 1372 dignitate
807 1307 847 1352 ac
861 1286 1014 1372 potentia
1029 1284 1264 1370 praepollenti,

243 1419 316 1466 esse
337 1418 479 1484 puerum
501 1399 669 1464 minorem
691 1399 712 1462 1.
730 1419 756 1463 0.
773 1397 940 1462 minorem
955 1400 1048 1474 natu,
1073 1396 1265 1477 Herculem,

242 1515 275 1575 et
300 1509 391 1595 patri
417 1508 557 1588 minori,
591 1509 627 1573 id
656 1512 708 1574 est
730 1507 978 1593 Amphitruoni
1004 1508 1207 1573 auctoritate
1234 1510 1268 1572 et

240 1621 364 1706 opibus
387 1619 551 1700 inferiori,
574 1619 684 1684 filium
707 1621 871 1685 maiorem
894 1620 916 1685 i.
934 1641 960 1684 e.
984 1619 1148 1685 maiorem
1172 1621 1265 1696 natu,

239 1732 416 1818 Iphiclem,
440 1752 540 1817 quem
562 1731 674 1797 tribus
698 1731 873 1797 mensibus
897 1734 976 1795 ante
999 1730 1162 1816 genuerit.

326 1844 421 1908 Haec
459 1843 501 1908 ad
538 1842 654 1908 Plauti
691 1842 880 1909 sollertiam
919 1829 1193 1908 adumbrandam
1228 1841 1266 1906 in

240 1954 395 2021 oratione
411 1954 646 2039 componenda
661 1955 746 2021 satis
762 1955 845 2020 sint:
865 1974 984 2019 verum
1001 1954 1119 2019 eadem
1133 1952 1264 2038 ingenii

239 2065 393 2132 Plautini
414 2066 477 2146 1110,
512 2084 616 2150 quam
649 2085 717 2129 non
752 2065 837 2131 satis
869 2083 1053 2150 possumus
1088 2064 1264 2144 admirari,

241 2178 320 2244 aliis
352 2197 487 2263 quoque
516 2178 618 2243 rebus
649 2176 878 2263 cognoscitur.
924 2177 1041 2260 Neque
1067 2175 1158 2239 enim
1185 2195 1266 2240 raro

240 2292 341 2375 poeta
363 2289 399 2353 in
422 2290 487 2354 hac
509 2286 638 2366 fabula,
673 2287 770 2352 cuius
805 2289 1045 2371 argumentum
1078 2288 1189 2350 totum
1224 2305 1265 2350 ex

241 2399 396 2484 exemplo
413 2399 529 2464 Attico
553 2398 792 2483 depromptum
817 2417 889 2463 esse
905 2416 1022 2463 omnes
1040 2396 1266 2488 consentiunt,

241 2513 274 2575 et
295 2529 350 2575 res
365 2510 493 2595 partim
516 2511 559 2575 ad
575 2510 810 2576 Romanorum
825 2510 930 2575 vitam
951 2508 1123 2595 privatam
1137 2508 1268 2594 partim

241 2622 286 2687 ad
307 2621 482 2707 publicam
512 2621 719 2706 pertinentes
753 2623 998 2687 commemorat
1020 2624 1053 2685 et
1074 2620 1264 2686 locutiones

241 2733 410 2819 quasdam
425 2732 601 2817 autquasi
622 2732 798 2816 proverbii
813 2732 929 2797 Latini
943 2731 1057 2797 locum
1074 2733 1265 2798 obtinentes

240 2846 302 2909 0111
324 2864 365 2908 ex
387 2863 543 2909 sermone
565 2842 729 2908 familiari
750 2844 875 2929 petitas
895 2843 1003 2908 affert.
1047 2844 1093 2908 Et
1115 2843 1266 2909 adhaec

241 2955 358 3019 omnia
380 2955 429 3019 110
452 2953 584 3035 alludit,
607 2958 646 3020 111
662 2958 722 3019 0111
743 2955 927 3020 nonnullos
950 2974 1070 3020 versus
1086 2954 1139 3019 vel
1162 2954 1264 3020 unius

242 3085 363 3131 versus
385 3065 551 3131 maiorem
572 3069 707 3151 partem
729 3067 774 3132 ad
796 3067 930 3132 animos
951 3070 983 3131 et
997 3067 1137 3150 ingenia
1159 3086 1266 3151 popu-

241 3177 368 3242 larium
400 3178 467 3242 hoc
499 3178 601 3242 modo
636 3178 960 3258 accommodaverit,
998 3181 1057 3242 aut
1090 3177 1265 3242 nonnullis

242 3288 410 3375 versibus,
434 3307 581 3373 quorum
596 3289 764 3354 sententia
780 3288 949 3374 generalis
965 3308 1005 3353 00
1025 3290 1085 3369 est,
1109 3291 1148 3354 ut
1163 3290 1267 3354 etiam

243 3418 263 3463 a
285 3401 387 3484 poeta
409 3397 541 3464 Graeco
556 3397 709 3483 profecta
729 3417 802 3465 esse
821 3399 941 3483 possit,
964 3398 1102 3484 singula
1117 3403 1266 3464 tantum-

242 3510 345 3575 modo
381 3510 552 3574 vocabula
588 3510 751 3594 posuerit,
789 3511 915 3595 quibus
952 3510 1101 3576 Romani
1138 3514 1266 3576 certam

241 3620 314 3684 vim
335 3620 563 3686 subiecerunt.

328 3731 444 3795 Primo
456 3731 564 3816 igitur
574 3731 651 3796 loco
664 3733 857 3798 accuratius
870 3733 1104 3818 inspiciamus,
1121 3753 1265 3818 quorum

243 3860 379 3907 morum
406 3841 712 3928 institutorumque
743 3844 786 3908 ad
816 3843 1034 3929 popularium
1062 3845 1170 3909 vitam
1196 3844 1266 3930 pri-

242 3955 359 4017 vatam
381 3954 609 4039 spectantium
630 3954 748 4020 1111100
769 3953 888 4021 fabula
909 3955 1116 4020 mentionem
1139 3954 1264 4021 fecerit.

243 4065 359 4149 Atque
395 4063 560 4150 incipiam
601 4067 645 4132 ab
681 4065 725 4131 iis
762 4065 863 4146 locis,
905 4068 966 4153 qui
1007 4068 1050 4132 ad
1088 4087 1266 4134 servornm

243 4173 479 4240 Romanorum
501 4175 735 4242 condicionem
758 4176 937 4262 pertinent.
