3256 4900
644 429 798 521 -πῂ

211 614 365 700 plebeiae
398 613 486 692 (Liv.
518 617 566 692 10,
595 617 645 692 23,
675 618 691 674 7
700 635 708 692 ;
742 613 831 678 Fest.
864 615 926 677 242
940 614 971 692 b,
999 616 1053 694 31)
1088 615 1236 682 bonores

214 727 322 793 divini
343 727 598 792 tribuebantur:
622 747 739 791 verum
764 726 866 790 etiam
883 746 903 790 a
919 725 1061 793 Graecis
1078 729 1111 791 et
1125 724 1236 800 Αἰδώς

213 842 246 904 et
258 835 423 902 Ἀναίδεια
446 839 528 902 deae
544 837 745 903 colebantur
760 835 815 920 (cf.
833 838 930 903 Paus.
947 838 974 918 I,
995 842 1043 917 17,
1063 843 1093 916 13
1109 839 1235 904 Prelle·

211 969 271 1015 rus
294 949 404 1033 Myth.
422 947 542 1015 Graec.
558 949 590 1013 Ι3
612 968 644 1033 p.
661 952 739 1028 4343
763 947 968 1014 Schusterus
991 948 1013 1012 l.
1032 969 1057 1015 s.
1075 969 1101 1014 s.
1117 970 1150 1035 p.
1168 953 1233 1032 53).

296 1060 404 1126 Porro
429 1061 703 1125 commemorabo
725 1080 756 1123 v.
774 1063 851 1139 422,
879 1059 940 1125 ubi
968 1061 1234 1144 Amphitruonis

213 1173 308 1238 anuli
330 1173 469 1257 signum
496 1172 547 1237 sic
580 1171 800 1237 describitur:
836 1190 936 1250 „cum
963 1171 1146 1257 quadrigis
1175 1171 1235 1239 Sol

213 1283 400 1348 exoriens.“
449 1280 540 1349 Solis
575 1279 642 1348 dei'
662 1302 749 1367 opus
783 1281 994 1348 cotidianum
1028 1302 1102 1349 esse
1129 1304 1235 1369 equos

212 1395 310 1461 albos
333 1397 497 1479 quattuor
520 1395 564 1458 ad
587 1413 727 1459 currum
742 1394 878 1459 iunctos
900 1413 1018 1480 regere
1040 1397 1073 1458 et
1087 1395 1236 1460 Romani

214 1509 248 1571 et
280 1503 404 1571 Graeci
436 1505 614 1590 putabant.
670 1505 831 1590 Exempli
869 1505 982 1590 gratia
1019 1506 1104 1570 haec
1142 1506 1236 1572 Ionis

212 1616 320 1684 solem
343 1616 549 1681 exorientem
574 1616 756 1682 salutantis
771 1617 878 1682 verba
893 1616 1034 1682 afferam
1051 1617 1145 1700 (Eur.
1161 1617 1233 1682 Ion.

214 1751 244 1793 v.
261 1732 302 1794 82
319 1728 400 1813 sq.):

298 1839 448 1922 „cippum
469 1839 529 1918 plu
551 1836 628 1899 τάδε
650 1836 784 1922 λαμπρὰ
807 1841 1008 1921 τεθρίππων·
1137 1884 1139 1888 -

298 1949 383 2033 ἥλιος
407 1947 466 2034 ἤδη
489 1947 610 2029 λάμπει
633 1949 715 2011 κατὰ
737 1950 827 2034 γῆν.“
850 1971 878 2011 κ.
901 1972 928 2011 τ.
952 1951 980 2011 λ.

300 2061 391 2128 Solis
415 2061 469 2125 dei
492 2061 595 2124 etiam
617 2060 791 2144 Amphitr.
816 2079 846 2122 v,
864 2062 940 2124 282:

299 2171 430 2254 „Credo
465 2170 585 2254 edepol
613 2171 770 2255 equidem
800 2170 950 2235 dormire
978 2167 1101 2249 Solem,
1137 2173 1238 2255 atque

880 2282 1045 2366 adpotum
1068 2281 1194 2366 probe“

218 2393 338 2458 mentio
360 2392 402 2458 fit
424 2390 479 2475 (cf.
504 2389 577 2457 Mil.
596 2395 674 2471 8033
705 2392 829 2456 Bacch.
847 2395 917 2458 255.
943 2396 1020 2472 895;
1043 2393 1144 2476 Epid.
1159 2397 1236 2472 6043

221 2503 320 2569 Mero.
341 2502 430 2590 prol.
448 2507 488 2570 39
512 2501 631 2584 (doc).

301 2615 436 2696 Quibus
459 2614 544 2680 locis
567 2617 606 2678 ut
628 2615 668 2678 de
692 2612 770 2679 Sole
793 2613 870 2694 dec,
899 2614 949 2679 ita
971 2634 1001 2678 v.
1020 2617 1081 2681 273
1100 2633 1174 2700 sqq.
1199 2616 1240 2680 de

216 2724 324 2792 stellis
347 2725 522 2790 nonnullis
546 2725 662 2808 agitur
684 2722 740 2807 (cf.
757 2725 988 2810 Kesebergius
1009 2725 1030 2790 l.
1047 2744 1073 2791 s.
1091 2744 1116 2791 s.
1134 2746 1166 2811 p.
1184 2731 1239 2806 313
1335 2810 1339 2818 .

216 2836 430 2903 Hubriohius
453 2835 474 2900 l.
492 2856 517 2899 s.
535 2855 560 2900 s.
577 2854 609 2920 p.
627 2839 693 2918 47).

302 2946 403 3015 Sosia
436 2949 477 3012 de
506 2949 604 3012 nocte
630 2946 735 3031 longa
762 2948 907 3012 miratus
931 2948 1096 3032 quoniam
1119 2968 1149 3010 v.
1168 2952 1239 3026 272,

217 3060 258 3124 de
281 3078 349 3144 quo
372 3045 511 3143 quaein
527 3057 639 3142 capite
654 3057 767 3141 primo
784 3057 927 3140 exposui
943 3057 1071 3136 videas,
1096 3056 1241 3121 Noctur-

217 3191 298 3235 num
333 3170 434 3237 deum
467 3168 599 3233 ebrium
635 3167 885 3232 obdormivisse
920 3167 1034 3232 iocosa
1063 3166 1241 3247 conclusit,

217 3281 308 3346 hanc
341 3280 535 3366 opinionem
570 3279 624 3344 his
659 3278 871 3363 argumentis
900 3276 1104 3343 confirmare
1127 3278 1243 3344 studet

218 3412 249 3456 v.
267 3395 328 3458 273
344 3410 433 3476 sqq:

305 3503 413 3584 „Nam
437 3522 544 3587 neque
568 3521 604 3566 se
626 3500 875 3586 septentriones
898 3519 1073 3584 quoquam
1096 3498 1243 3565 incaelo

975 3615 1199 3691 commovent,

304 3725 421 3810 Neque
445 3743 481 3788 se
503 3723 586 3787 luna
608 3741 783 3808 quoquam
806 3724 917 3786 mutat
940 3725 1043 3807 atque
1071 3723 1124 3787 uti
1147 3741 1244 3788 exor-

993 3837 1063 3900 tast
1086 3834 1200 3916 semel,

221 3950 291 4012 275.
315 3947 386 4011 Nec
408 3944 548 4030 iugulas
581 3965 691 4029 neque
718 3964 909 4029 vesperugo
944 3965 1053 4030 neque
1079 3943 1245 4030 vergiliae

1033 4057 1201 4122 occidunt.

1025 4177 1041 4229 5
