3256 4900
740 434 779 494 69

338 615 505 684 Similiter
527 639 556 682 v.
576 623 636 685 775
653 638 718 702 sq:

644 728 811 809 π(11111030,
835 728 919 812 quin
941 729 980 792 111
1001 726 1114 793 istanc
1136 727 1233 794 iubes

337 840 403 904 Pro
428 841 553 905 cerrita
576 837 829 904 circumferri?“

252 950 478 1016 caerimoniae
501 952 680 1016 cuiusdam
702 951 830 1016 mentio
857 949 910 1030 fit,
944 969 1033 1034 quae
1067 970 1135 1015 non
1163 950 1274 1016 solum

252 1062 343 1146 apud
367 1062 541 1128 Romanos
563 1063 692 1128 usitata
718 1063 798 1139 fuit,
834 1082 1044 1148 quamquam
1072 1082 1154 1127 vox:
1192 1061 1275 1142 „cir-

253 1173 442 1238 cumlerre“
479 1179 530 1239 est
562 1174 795 1239 Romanorum
830 1175 973 1240 verbum
1004 1171 1201 1257 pontificale
1235 1193 1275 1237 ac

252 1285 417 1369 positum,
451 1285 756 1370 quotienscumque
794 1306 912 1350 eornm
949 1284 1171 1350 lustrationes
1209 1284 1276 1351 301-

252 1395 380 1460 lemnes
403 1399 603 1462 narrantur:
628 1397 669 1461 de
692 1416 760 1480 qua
776 1416 863 1481 quae
879 1396 914 1458 in
930 1396 1043 1480 prima
1059 1399 1155 1480 parte
1171 1396 1276 1461 disse·

254 1506 320 1586 rui,
343 1506 470 1572 videas.

336 1618 431 1703 Ergo
455 1622 493 1682 111
515 1618 672 1684 omittam
700 1619 741 1682 de
767 1618 829 1682 illo
857 1618 943 1684 artis
965 1617 1149 1697 vocabulo,
1183 1620 1275 1702 quod

254 1730 297 1794 ad
320 1730 522 1794 sententiam
546 1730 676 1809 attinet,
700 1730 788 1794 ritus
815 1731 957 1815 quidam
980 1731 1275 1809 commemoratur,

253 1839 313 1924 qui
335 1861 377 1901 ne
400 1837 540 1906 Graecis
564 1841 703 1925 quidem
729 1841 870 1923 ignotus
897 1840 973 1906 fuit.
1020 1841 1076 1905 llli
1105 1841 1194 1905 enim
1217 1859 1276 1924 pa-

253 1951 336 2015 riter
357 1950 513 2016 homines
537 1952 699 2036 expiandi
721 1971 825 2017 causa
848 1971 905 2017 eos
922 1952 1104 2016 circumire
1120 1950 1277 2017 solebant

252 2081 307 2126 res
330 2062 371 2126 ad
396 2060 613 2128 lustrandum
635 2063 777 2128 idoneas
801 2060 1158 2128 circumferentem-cf.
1176 2059 1274 2126 Plato

254 2171 381 2256 Cratyl.
399 2177 461 2240 405
478 2176 520 2238 A.
536 2174 578 2238 B:
604 2173 758 2254 ,Πρῶτον
779 2175 839 2254 μὲν
860 2174 921 2258 γὰρ
944 2173 963 2256 ἡ
986 2174 1146 2257 κάθαρσις
1168 2175 1223 2234 καὶ
1245 2169 1275 2235 oi

253 2285 417 2369 καθαρμοὶ
451 2286 505 2346 καὶ
538 2286 619 2346 κατα
644 2285 702 2368 τὴν
725 2285 868 2368 ἰατρικὴν
890 2286 945 2347 καὶ
973 2286 1055 2346 κατὰ
1083 2285 1141 2368 τὴν
1161 2305 1276 2364 μαντι-

254 2397 311 2478 κὴν
333 2397 387 2456 καὶ
409 2393 449 2457 αἱ
473 2407 552 2469 τοῖς
577 2406 780 2477 μαντικοῖς
806 2395 1082 2481 περιθειώσεις
1105 2419 1137 2457 ιε
1164 2397 1218 2457 καὶ
1241 2392 1275 2456 ai

252 2505 508 2592 περιρράνσεις
529 2507 638 2570 πάντα
660 2511 695 2570 ἕν
717 2531 747 2569 τι
769 2508 870 2570 ταῦτα
893 2505 1037 2586 δύναιντ’
1060 2506 1102 2568 ἄν
1123 2507 1277 2590 καθαρὸν

253 2621 404 2703 παρέχειν
436 2619 493 2682 τὸν
520 2617 699 2700 ἄνθρωπον
726 2620 780 2680 καὶ
807 2619 890 2680 κατὰ
920 2619 956 2681 τὸ
984 2617 1076 2699 σῶμα
1105 2619 1159 2679 καὶ
1192 2619 1274 2679 κατὰ

253 2731 309 2813 τὴν
333 2729 470 2814 ψυχήν.“
517 2730 693 2815 Imprimis
727 2730 795 2796 huc
828 2731 1001 2816 quadrant
1034 2750 1074 2795 ea
1107 2729 1276 2795 vocabula

254 2838 394 2922 Graeca,
417 2843 543 2927 quibus
559 2843 758 2928 praeposita
773 2846 825 2908 est
840 2863 922 2908 vox:
946 2841 1058 2926 „asad
1076 2841 1131 2926 (cf.
1149 2840 1276 2910 Casau-

255 2954 363 3019 bonus
396 2961 429 3019 et
460 2954 645 3039 Ussingius
679 2957 724 3020 ad
757 2954 928 3040 Theophr.
958 2953 1060 3019 Char.
1092 2958 1130 3019 16
1160 2954 1275 3037 extr.>:

254 3084 332 3129 nam
357 3065 461 3130 iniis
484 3066 569 3132 haec
592 3066 643 3132 vis
666 3067 769 3132 inest:
796 3067 852 3146 „in
876 3067 1020 3131 circuitu
1044 3084 1193 3150 purgare
1216 3063 1276 3129 ali-

252 3196 353 3261 quem
377 3181 437 3240 aut
459 3176 621 3262 aliquid.“
660 3176 710 3244 of.
728 3165 916 3243 Menander
938 3176 1009 3257 (IV,
1029 3180 1100 3256 101,
1120 3196 1151 3239 v.
1165 3181 1184 3241 5
1200 3194 1273 3260 sqq.

253 3286 388 3370 Mein.):

340 3397 691 3480 »περιμαξάτωσαν
718 3398 748 3461 σ’
775 3396 810 3461 αῖ
842 3409 989 3477 γυναῖκες
1016 3397 1056 3462 ἓν
1083 3395 1207 3481 κύκλῳ

338 3509 402 3570 καὶ
429 3510 784 3593 περιθεωσάτωσαν
810 3509 889 3573 ἀπὸ
917 3511 1087 3594 κρουνῶν
1115 3507 1229 3588 τριῶν

337 3617 432 3681 ὕδατι
458 3617 623 3706 maclorius?
651 3619 801 3701 ἐμβαλών
827 3619 920 3694 ἅλας,
949 3619 1101 3704 φακούς.“

338 3728 472 3796 Similia
504 3731 674 3798 vocabula
707 3737 788 3797 sunt
820 3729 1055 3816 περιθύεσθαι,
1083 3731 1277 3814 περικαθαί-

251 3846 368 3924 ascum
391 3842 493 3924 (Plat.
519 3841 603 3907 Crit.
630 3847 690 3910 120
706 3845 752 3923 A3
777 3843 945 3928 Theophr.
968 3841 1071 3907 Char.
1098 3847 1136 3907 111
1160 3842 1276 3924 extr.);

250 3951 517 4039 περιῤῥαίνεσθαι
545 3955 735 4040 (Aristoph.
764 3955 909 4038 Lysistr.
941 3957 1052 4037 1130);
1087 3954 1275 4036 „aequam-

250 4064 334 4139 ζειν“
360 4067 517 4148 (Lucian.
542 4064 763 4149 Necyomant.
782 4068 825 4150 7).
