3256 4900
687 404 840 497 *aa*

252 594 435 677 apportata
457 590 534 656 sint.
574 590 652 655 Huc
675 590 805 656 accedit
827 589 919 674 quod
936 607 1049 653 voces:
1074 587 1275 672 „imperium

253 704 408 770 ebibere“
432 702 583 767 aPlauti
605 702 740 767 dicendi
763 702 895 765 ratione
917 720 986 764 non
1009 700 1209 765 abhorrent:
1234 697 1274 763 cf.

338 815 430 878 Pers.
457 817 531 879 170:
559 811 917 893 „mandatabibe1·e“;

338 925 410 990 Mil.
435 927 511 992 883:
541 927 745 1009 „postquam
769 922 930 988 adbibere
958 940 1057 986 aures
1081 939 1175 984 meae
1198 922 1276 983 tuae

914 1050 1011 1097 oram
1034 1031 1232 1104 orationis.“

339 1145 414 1210 Vss.
440 1148 502 1211 630
525 1148 558 1209 et
580 1149 639 1211 631
664 1143 897 1229 pronuntiatis
921 1141 1030 1222 Sosia,
1053 1145 1092 1207 ut
1114 1142 1276 1206 mandata

149 1325 155 1330 ,
253 1254 416 1340 perficiat,
451 1257 492 1321 de
515 1275 638 1322 scaena
661 1256 704 1320 ad
727 1257 865 1339 portum
888 1253 1043 1334 discedit,
1067 1253 1276 1337 Amphitruo

253 1366 347 1433 solus
391 1370 552 1447 remanet,
598 1370 631 1431 et
667 1387 745 1432 cum
779 1365 1004 1432 Alcumenam
1050 1385 1091 1430 ex
1135 1365 1277 1430 aedibus

253 1482 430 1544 exeuntem
454 1475 633 1564 aspexerit,
663 1478 877 1563 aliquantum
900 1477 1038 1555 recedit,
1066 1476 1209 1561 utquid
1238 1496 1277 1540 ea

254 1610 370 1656 secum
405 1589 577 1675 loquatur,
615 1590 781 1655 observet.
850 1585 928 1667 Qua
968 1606 1036 1672 quo
1074 1587 1200 1672 gaudio
1238 1587 1279 1650 de

252 1701 370 1766 mariti
408 1702 532 1766 virtute
569 1700 706 1780 bellica,
750 1700 791 1764 de
828 1718 897 1784 qua
934 1701 1034 1764 antea
1070 1718 1091 1763 a
1127 1698 1277 1763 Pseudo-

252 1813 492 1898 amphitruone
526 1811 667 1892 audivit,
702 1812 823 1878 affecta
845 1812 900 1890 sit,
934 1811 1090 1895 longiore
1124 1811 1278 1876 oratione

148 1949 151 1954 ·
252 1924 440 2006 exponente
464 1924 746 2004 (166633-663)
770 1922 900 1986 interea
916 1920 1015 1987 Sosia
1039 1942 1117 1986 cum
1139 1919 1278 1985 famulis

255 2031 332 2097 aliis
367 2034 400 2096 et
422 2032 491 2096 alia
514 2051 597 2098 vasa
630 2035 663 2096 et
685 2033 781 2097 illam
805 2031 964 2100 cistulam
986 2032 1214 2116 portantibus
1242 2031 1279 2095 in

252 2163 321 2227 qua
342 2146 462 2228 patera
485 2163 588 2208 aurea
610 2143 745 2210 inclusa
761 2163 834 2210 6666
857 2143 993 2222 dicitur,
1018 2145 1156 2227 aportu
1179 2142 1276 2206 redit.

253 2254 329 2320 Vss.
369 2257 481 2319 autem
519 2257 689 2321 ete-658
729 2254 939 2338 Amphitruo
982 2271 1096 2318 secum
1134 2251 1277 2336 loquens

252 2366 466 2449 pronuntiat:
500 2385 562 2430 neo
589 2365 703 2430 minus
731 2363 927 2430 clanculum
951 2361 1050 2429 Sosia
1077 2365 1278 2427 61616659

254 2477 462 2542 insusurrat:

338 2586 475 2667 „Quidi
506 2607 559 2652 1116
583 2606 652 2652 non
673 2607 747 2652 rere
770 2587 984 2672 expectatum
1010 2585 1139 2651 amicae
1161 2587 1279 2650 ventu·

1004 2717 1082 2762 rum
1105 2699 1235 2776 meae“;

254 2811 337 2874 etv.
363 2813 424 2875 676
448 2810 585 2874 demum
609 2811 819 2895 Amphitruo
842 2809 952 2874 laetus
975 2827 1116 2874 uxorem
1140 2807 1277 2883 salutat,

254 2940 341 3004 quae
364 2941 441 2984 eum
463 2921 533 2985 iam
557 2920 660 3006 paulo
684 2925 763 2986 ante
786 2922 832 3003 (v.
857 2920 935 3003 660)
960 2919 1159 3003 conspicata
1183 2920 1242 2983 est.

340 3028 437 3108 Quae
460 3048 537 3093 cum
560 3030 610 3093 ita
638 3031 716 3109 sint,
750 3030 936 3114 Ussingius
959 3049 1073 3114 pravo,
1108 3029 1144 3093 ni
1166 3026 1278 3103 fallor,

256 3139 429 3204 contendit
451 3139 497 3222 (p.
522 3142 597 3218 286)
630 3143 727 3206 actus
762 3140 904 3206 alterius
938 3159 1097 3205 scaenam
1130 3139 1279 3224 primam

254 3253 362 3313 totam
385 3269 492 3335 prope
526 3270 639 3330 naves,
674 3270 743 3315 non
777 3254 855 3316 ante
877 3250 1144 3336 Amphitruonis
1178 3250 1278 3314 aedes

255 3360 321 3444 agi,
344 3360 516 3446 imprimis
539 3366 681 3448 propter
704 3363 847 3428 eundem
870 3381 900 3425 v.
918 3365 977 3428 631
1005 3362 1048 3427 ab
1071 3361 1148 3446 ipso
1171 3359 1280 3426 seclu-

255 3489 346 3536 sum:
383 3473 444 3538 sed
481 3472 572 3538 hano
610 3473 805 3558 opinionem
840 3493 913 3539 esse
946 3471 1080 3537 futilem
1115 3472 1158 3536 iis
1192 3491 1280 3556 quae

254 3582 355 3648 modo
379 3584 532 3668 exposui,
566 3583 713 3649 fortasse
746 3584 900 3669 intellegi
932 3586 1059 3668 potest:
1094 3584 1196 3666 atque
1218 3581 1279 3646 ali-

255 3711 356 3776 quem
390 3693 454 3759 etsi
488 3693 562 3779 ipse
595 3694 717 3779 procul
740 3715 760 3760 a
782 3697 885 3780 portu
908 3694 1008 3773 absit,
1043 3697 1157 3758 tamen
1180 3711 1280 3757 servo

252 3803 424 3889 imperare
460 3813 577 3889 posse,
615 3809 654 3870 ut
690 3825 774 3872 vasa
807 3826 825 3871 6
858 3805 938 3869 navi
973 3803 1141 3870 efferenda
1176 3804 1279 3882 curet,

254 3915 377 3980 docent
399 3916 591 3982 Trinummi
613 3936 681 3983 vss.
708 3921 790 3984 1103
806 3937 879 4002 sqq.
