3256 4900
842 359 861 422 8

343 543 681 626 agnominationibus
706 548 738 609 et
762 536 937 611 vocabulis
966 547 1009 610 ab
1037 545 1112 629 ipso
1136 545 1363 632 audacissime

341 652 430 720 fictis
453 655 657 740 implevisse.
1158 720 1160 724 ,

427 767 505 831 Huc
538 767 670 832 aceedit
702 768 792 852 quod
826 767 953 852 partim
987 766 1153 832 nonnulla
1175 787 1263 852 quae
1286 787 1360 832 cum

343 877 562 962 popularium
595 878 709 943 indole
731 898 854 963 parum
877 897 1065 943 consonare
1087 878 1293 972 viderentur,
1314 874 1363 942 ¹in

340 989 502 1054 vertendo
535 989 682 1053 mutavit
704 993 764 1054 a'ut
785 1008 927 1073 prorsus
951 989 1067 1054 omisit
1101 987 1153 1058 (ef.
1178 987 1362 1070 Ussingius

342 1098 431 1162 Trin.
456 1103 674 1166 commentar.
699 1121 729 1184 p.
753 1104 811 1166 561
830 1102 903 1185 sq),
932 1100 1057 1184 partim
1087 1099 1204 1178 multa,
1237 1099 1363 1184 quibus

341 1209 571 1275 Romanorum
608 1211 715 1276 animi
748 1210 847 1276 valde
877 1210 1135 1290 delectarentur,
1170 1211 1212 1275 ad
1246 1229 1363 1274 eornm

343 1321 482 1404 ingenia
504 1324 536 1386 et
558 1321 751 1387 voluntates
775 1322 1032 1386 accommodata
1062 1322 1103 1386 de
1130 1341 1193 1386 suo
1220 1319 1362 1385 addidit.

344 1430 409 1497 Sed
432 1433 516 1496 haec
537 1453 625 1518 quae
648 1434 689 1498 de
713 1433 966 1502 comoediarum
982 1432 1217 1496 Plautinarum
1240 1434 1364 1495 natura

341 1541 376 1606 in
391 1543 589 1607 universum
605 1541 759 1607 elocutus
775 1561 861 1620 sum,
879 1541 963 1606 satis
980 1541 1062 1620 sint;
1086 1561 1177 1606 nunc
1192 1543 1363 1626 quomodo

342 1653 491 1718 comicus
523 1654 670 1738 singulis
697 1655 733 1719 in
761 1653 886 1720 fabulis
914 1653 1070 1739 exempla
1093 1652 1225 1719 Graeca
1253 1657 1364 1718 trans-

340 1765 467 1842 tulerit,
491 1764 646 1850 singnlas
670 1766 828 1850 deinceps
851 1765 1024 1829 excutiens
1048 1765 1188 1828 edocere
1204 1765 1363 1830 conabor.

343 1877 457 1961 Atque
489 1876 653 1960 incipiam
687 1877 729 1941 ab
765 1876 1032 1960 Amphitruone,
1070 1895 1157 1961 quae
1193 1874 1311 1941 fabula
1345 1895 1364 1939 a

344 1988 464 2052 ceteris
488 1991 561 2051 tota
589 1988 722 2053 ratione
748 1986 850 2072 longe
878 1987 1064 2071 discrepat:
1099 1987 1221 2051 etenim
1251 1986 1366 2070 agitur

344 2097 385 2161 de
430 2098 620 2164 Alcumena
669 2102 826 2184 stuprata
875 2100 918 2164 ab
967 2098 1054 2164 Jove
1101 2099 1365 2184 Amphitruonis

343 2207 495 2275 Thebani
521 2209 633 2276 forma
659 2212 790 2276 induto.
835 2210 994 2276 Plautum
1024 2214 1136 2276 autem
1165 2232 1242 2276 cum
1269 2231 1366 2275 uum-

344 2341 447 2405 quam
481 2322 567 2388 alias
601 2325 767 2407 quantum
804 2322 932 2387 seimus
961 2322 1224 2386 'comoediarum
1263 2340 1365 2404 argu-

343 2437 457 2496 menta
501 2453 517 2496 e
562 2431 773 2498 Graecorum
819 2432 966 2496 historia
1009 2431 1158 2497 fabulari
1201 2430 1363 2514 petiisset,
1441 2515 1444 2522 .

344 2542 497 2627 plerique
519 2543 586 2607 viri
608 2542 701 2608 docti
729 2541 881 2607 fabulam
904 2541 1099 2606 comoediae
1122 2559 1230 2605 novae
1252 2539 1364 2604 imita-

341 2655 415 2716 tum
430 2671 502 2718 esse
517 2655 703 2738 negabant:
727 2656 829 2737 atque
845 2651 905 2716 alii
921 2651 1027 2715 alium
1042 2654 1180 2736 poetam
1196 2649 1365 2716 Graecum

343 2783 417 2827 eum
452 2768 606 2830 secutum
640 2785 714 2831 esse
747 2765 1015 2830 arbitrabantur.
1062 2762 1128 2829 Sed
1156 2765 1220 2829 hos
1248 2782 1365 2830 omnes

344 2895 475 2942 errasse
496 2876 672 2942 Vahlenus
702 2879 802 2956 (Mus.
827 2876 934 2941 Rhen.
961 2879 1008 2953 16,
1033 2879 1095 2940 472
1116 2881 1206 2960 sqq.)
1234 2875 1363 2940 docuit:

344 3007 422 3053 nam
439 2987 567 3052 nullam
584 2987 712 3054 iustam
727 3006 867 3053 causam
883 3006 966 3065 esse,
990 3005 1058 3070 qua
1075 2985 1364 3071 Amphitruonem

344 3120 478 3185 quoque
493 3120 534 3164 ex
557 3100 751 3164 comoediae
768 3118 875 3163 novae
896 3096 1014 3163 fabula
1037 3097 1275 3181 depromptam
1292 3114 1365 3160 esse

343 3216 463 3295 putare
478 3214 680 3276 vetaremur.
716 3210 804 3277 Sane
819 3231 861 3275 ne
885 3229 992 3274 novae
1007 3208 1146 3294 quidem
1169 3207 1365 3274 comoediae

343 3326 462 3406 poetae
502 3326 705 3407 argumenta
747 3323 791 3388 ad
831 3343 903 3388 rem
945 3321 1136 3388 fabularem
1174 3319 1366 3405 spectantia

344 3434 516 3518 aspernati
552 3436 632 3498 sunt
676 3432 729 3515 (cf.
765 3433 911 3498 Meinek.
945 3432 1065 3497 histor.
1097 3431 1171 3495 crit.
1205 3431 1364 3495 comicor.

345 3543 503 3611 Graecor.
531 3565 562 3630 p.
585 3546 676 3623 lauh
711 3563 817 3628 eaque
851 3542 999 3606 maxime
1032 3540 1196 3626 Diphilus
1230 3540 1366 3604 videtur

344 3657 531 3722 adamasse.
602 3655 749 3721 Vahleni
793 3654 988 3738 opinionem
1033 3652 1111 3717 aliis
1159 3649 1364 3734 quibusdam
1426 3645 1427 3648 ’

345 3768 457 3832 causis
502 3788 570 3832 non
615 3766 846 3832 levidensihns
890 3764 1087 3849 nuperrime
1129 3760 1228 3826 fulsit
1272 3759 1364 3825 Frid.

343 3877 549 3944 Hneffnerus
573 3878 605 3957 (l.
623 3897 648 3943 s.
666 3897 692 3943 s.
709 3897 740 3962 p.
760 3878 822 3958 71).

428 3989 475 4055 Ut
498 4009 577 4054 vero
601 3989 643 4054 ad
669 4008 708 4053 ea
730 3995 822 4072 quae'
840 3985 876 4050 in
891 3984 956 4048 hac
979 3981 1264 4048 commentatione
1279 3979 1366 4046 mihi
