3256 4900
791 411 945 502 „251²-

357 593 414 657 hie
446 593 553 659 moris
588 614 608 658 a
638 592 847 659 Graecorum
883 594 1186 659 consuetudinibus
1220 614 1289 658 non
1323 594 1381 658 ab·

358 705 529 770 horrentis
552 707 680 770 mentio
703 704 750 770 fit.

442 816 571 881 Eadem
596 835 699 882 causa
722 818 890 884 adductus
915 818 1016 882 etiam
1044 817 1247 882 sententiam
1270 838 1300 880 v.
1318 820 1377 882 681

358 924 505 992 effictam
527 927 569 992 ad
594 927 768 1014 exemplar
791 927 960 994 Graecum
983 927 1108 993 referre
1131 929 1250 992 audeo.
1296 930 1379 992 Am-

357 1037 498 1121 phitruo
521 1037 685 1123 quoniam
709 1057 851 1103 uxorem
874 1039 1054 1123 gravidam
1075 1038 1176 1114 vidit,
1212 1037 1252 1101 de
1286 1037 1382 1121 prole

357 1147 474 1214 futura
496 1169 632 1215 summa
652 1149 784 1214 laetitia
807 1149 948 1215 affectus
972 1169 1046 1216 eam
1069 1150 1120 1214 sio
1142 1149 1344 1233 alloquitur:

443 1259 509 1340 „m
524 1279 628 1345 quom
647 1259 704 1345 [te]
723 1261 902 1346 gravidam
925 1265 958 1326 et
985 1280 1090 1345 quom
1116 1263 1149 1324 te
1172 1259 1290 1345 pulore
1313 1259 1382 1344 ple-

906 1391 986 1435 nam
1009 1370 1148 1454 aspioio‚
1173 1370 1338 1455 gaudeo.“

443 1506 609 1573 Similiter
624 1508 834 1574 Diniarehus
857 1509 900 1572 ad
916 1507 1143 1572 Phronesium
1167 1507 1251 1572 dicit
1270 1507 1381 1589 (Truo.

359 1637 389 1682 v.
407 1620 469 1683 834
492 1619 572 1702 sq.):

444 1729 702 1808 „Primumdum
726 1749 831 1815 quom
853 1728 919 1794 tu’s
942 1732 1044 1794 aucta
1065 1727 1194 1809 liberis,

446 1839 627 1925 Quomque
649 1841 734 1906 bene
756 1839 945 1924 provenisti
968 1839 1073 1919 salva,
1098 1839 1268 1924 gaudeo“;

361 1955 394 2014 et
417 1948 665 2036 Stratophanes
687 1951 786 2017 miles
810 1953 855 2032 (v.
874 1955 935 2017 516
952 1951 1032 2035 sq.):

446 2059 582 2142 „Quom
615 2065 653 2127 tu
685 2065 776 2127 reate
808 2062 998 2147 provenisti
1026 2079 1197 2145 quomque
1224 2079 1259 2125 es
1283 2062 1384 2124 aucta

1212 2170 1340 2250 liberis,

447 2278 619 2360 Gratulor,
642 2299 748 2365 quom
769 2280 856 2345 mihi
877 2279 1010 2364 tibique
1033 2298 1198 2364 maguum
1220 2279 1385 2363 peperisti

1208 2390 1342 2454 decus.“

447 2503 628 2568 Praeterea
651 2503 692 2567 de
714 2502 824 2587 pretio
847 2501 1035 2567 liberorum
1050 2501 1283 2585 procreationi
1306 2519 1385 2564 oon·

363 2614 483 2678 stituto
508 2612 547 2678 of.
573 2613 646 2678 Mil.
665 2618 726 2678 703
743 2631 809 2696 sq.:

447 2727 517 2804 „At
538 2723 599 2788 illa
620 2724 697 2789 laus
721 2725 781 2802 est,
805 2741 931 2807 magno
953 2722 989 2787 iu
1013 2742 1135 2807 genere
1155 2725 1188 2787 et
1201 2722 1238 2786 in
1254 2722 1386 2787 divitiis

1170 2833 1342 2898 maxumis

447 2945 591 3010 Liberos
614 2944 787 3009 hominem
811 2943 964 3023 educare,
988 2944 1106 3028 generi
1127 2946 1386 3009 monumentum

1188 3061 1221 3120 et
1243 3056 1342 3122 sibi.“

448 3168 598 3234 Graecos
633 3167 772 3252 quidem
806 3165 934 3232 liberos
969 3185 1011 3229 ex
1043 3164 1213 3230 uxoribus
1250 3165 1385 3248 genitos

365 3280 489 3346 habere
522 3279 674 3344 uoluisse
707 3277 895 3344 Menander
921 3296 990 3340 uon
1017 3275 1121 3341 semel
1154 3280 1322 3341 memorat
1345 3277 1385 3342 cs.

363 3391 421 3472 lv,
447 3398 506 3458 117
531 3391 649 3456 Mein:

1095 3470 1157 3550 „¹11
1174 3470 1226 3532 δεῖ
1244 3471 1346 3551 μόνον

449 3587 506 3670 ζῆν
529 3585 546 3671 ἢ
568 3584 740 3666 γενόμενον
761 3587 884 3664 πατέρα
907 3580 1037 3644 παίδων
1058 3580 1254 3645 ἀποθανεῖν·

448 3698 530 3761 οὕτω
552 3697 589 3760 τὸ
610 3697 691 3778 μετὰ
715 3695 802 3758 ταῦτ’
825 3694 890 3756 ἔστι
913 3693 968 3754 τοῦ
989 3695 1060 3770 βίον
1082 3691 1236 3774 πικρόν“,·

364 3810 422 3877 IV.
448 3815 518 3879 196.
543 3814 576 3873 ⁸2:

451 3918 549 3989 ..Olor
571 3920 606 3981 τὸ
629 3921 782 3996 γενέσθαι
804 3917 930 3996 πατέρα
952 3912 1105 3974 (ἰπαίδων
1128 3911 1166 3996 ἦν
1188 3913 1262 3996 ἄρα·

449 4031 543 4115 λύπη,
567 4030 679 4113 oddar,
702 4029 843 4111 ([ρονιῖς,
867 4028 967 4106 πέρας
988 4022 1075 4084 ἐστὶν
1097 4023 1170 4086 οῦδὲ
1192 4027 1267 4100 ἕν’,-
