3256 4900
867 378 908 442 80

813 467 967 474 *—

378 565 448 630 alta
471 568 590 631 cruce“
614 568 648 629 et
669 566 913 631 Taubmannus
940 565 1013 650 ipse
1041 569 1074 630 et
1096 565 1285 631 Lambinus
1308 566 1402 632 vide·

376 679 466 742 runt.
512 677 680 762 Equidem
704 677 829 742 addam
851 677 1012 760 Aeschyl.
1038 677 1128 743 Pers.
1146 680 1207 743 612
1225 697 1292 761 sq.:

464 786 645 871 ,,111κη’ροπόν
667 811 704 850 τε
725 789 866 871 μητρὸς
889 787 1024 870 α’γρίας
1045 785 1123 850 ἄπο

462 900 563 960 ποτὸν
586 898 730 972 παλαιᾶς
752 898 898 978 ἀμπέλου
920 898 1016 978 γάνος
1038 897 1143 962 τόδε.“

465 1009 669 1076 Ocni'eratur
692 1011 795 1075 etiam
806 1012 986 1092 PindaruS,
1010 1012 1070 1096 qui
1092 1012 1176 1076 dicit
1198 1011 1316 1076 vinum
1338 1010 1399 1093 ἅμ-

379 1119 478 1184 πέλου
500 1121 606 1184 παῖδα
629 1123 739 1204 (Nem.
758 1128 787 1203 9,
812 1128 848 1188 51
868 1123 948 1208 sq.):
1285 1125 1286 1128 '

464 1230 666 1315 ,,α’ργυρέαισι
688 1233 723 1295 δὲ
748 1233 883 1315 νωμάτω
907 1233 1055 1318 φιάλαισι
1076 1234 1196 1313 βιατὰν

465 1341 610 1424 ἀμπέλου
632 1343 738 1419 naid,
761 1346 800 1420 ἃς
814 1345 897 1408 ποθ’
917 1351 1013 1408 ἵπποι
1028 1345 1222 1429 κτησάμεναι
1237 1349 1401 1431 Χρομὶῳ.“

464 1465 618 1530 Eandem
651 1467 695 1531 ad
728 1467 903 1551 potionem
937 1466 1185 1532 clandestinam
1218 1465 1328 1548 Sosia,
1362 1472 1402 1533 ut

380 1575 511 1660 opinor,
535 1577 660 1641 iterum
684 1576 808 1642 alludit
831 1598 859 1641 v.
878 1582 940 1645 630
956 1597 1021 1662 sq.:
1310 1574 1312 1578 ’

466 1689 532 1768 „Et
557 1708 689 1754 memor
716 1709 793 1754 sum
820 1692 853 1753 et
876 1689 1037 1774 diligens,
1071 1692 1110 1753 ut
1142 1707 1229 1774 quae
1255 1688 1399 1774 imperes

1126 1805 1358 1886 compareant:

466 1912 543 1976 Non
567 1933 630 1998 ego
647 1933 725 1978 cum
739 1913 820 1979 vino
837 1913 955 1980 simitu
971 1913 1063 1980 ebibi
1077 1913 1261 1998 imperium
1276 1915 1403 1979 tuom.“

468 2022 569 2104 Quod
592 2025 624 2090 si
644 2045 764 2090 verum
787 2029 847 2106 est,
872 2025 926 2091 his
948 2025 1063 2091 verbis
1086 2044 1194 2108 neque
1217 2024 1302 2090 haec
1321 2027 1405 2091 Am-

381 2135 578 2220 phitruonis
600 2137 759 2203 mirantis
782 2139 977 2222 repugnant
1000 2136 1045 2219 (v.
1063 2137 1155 2216 aab:

469 2248 558 2328 „Hic
580 2249 684 2314 homo
708 2249 824 2314 ebrius
847 2251 908 2328 est,
930 2250 970 2312 ut
992 2247 1150 2332 opincr“;

382 2379 491 2444 neque
518 2361 602 2424 baec
633 2358 751 2426 Sosiae
777 2359 1015 2444 respondentis
1048 2359 1091 2441 (v.
1113 2363 1204 2439 575):
1239 2359 1404 2439 „Utinam

381 2469 431 2534 ita
454 2474 599 2550 essem“;
634 2491 715 2536 nam
746 2470 838 2536 iusto
871 2470 946 2536 iure
968 2472 1081 2556 potest
1107 2489 1232 2554 negare
1255 2490 1292 2535 se
1314 2491 1405 2535 nunc

383 2582 517 2648 ebrium
540 2602 622 2661 esse,
647 2583 711 2648 etsi
734 2601 770 2648 se
792 2585 831 2646 ut
853 2585 963 2661 antea,
987 2582 1036 2646 ita
1059 2601 1149 2646 nunc
1172 2599 1306 2665 quoque
1322 2581 1401 2644 vino

383 2696 562 2758 oneratum
585 2712 657 2758 esse
681 2692 784 2776 cupit.
833 2679 955 2777 Itaque
983 2711 1060 2756 cum
1087 2691 1176 2756 inter
1209 2710 1245 2757 se
1278 2690 1404 2756 discre-

383 2803 502 2889 pantia
535 2823 604 2867 non
637 2802 809 2886 legantur,
843 2802 1028 2887 Ussingius
1062 2822 1163 2887 quem
1187 2801 1348 2869 Goetzius
1372 2805 1405 2867 et

385 2913 576 2982 Schoellius
599 2913 794 2998 nuperrime
816 2913 925 2979 secuti
948 2917 1043 2994 sunt,
1071 2913 1243 2979 immerito
1268 2913 1404 2978 videtur

383 3047 412 3090 v.
431 3029 597 3093 saa-631
623 3025 811 3092 seclusisse.
821 3027 844 3107 ¹)

469 3145 605 3213 Sosiam
627 3147 663 3211 in
685 3147 766 3211 vino
789 3146 934 3211 nimium
956 3166 1030 3213 esse
1052 3147 1154 3212 etiam
1179 3167 1220 3211 ex
1242 3144 1408 3211 Mercurii

383 3258 498 3324 verbis
522 3261 673 3344 apparet,
697 3257 758 3342 qui
780 3278 860 3323 cum
881 3257 939 3322 ille
962 3258 1003 3322 de
1025 3261 1125 3322 nocte
1139 3256 1244 3342 longa
1259 3256 1405 3320 miratus

384 3366 499 3434 Solem
522 3387 558 3433 se
583 3369 620 3432 in
649 3387 732 3432 cena
760 3367 847 3433 cibis
875 3371 908 3432 et
929 3367 1009 3432 vino
1038 3367 1194 3433 obruisse
1216 3365 1407 3432 scurriliter

385 3479 597 3544 contenderit
620 3479 663 3561 (v.
681 3478 773 3562 283),
797 3499 827 3542 v.
846 3481 907 3544 284
931 3478 1016 3543 dicit
1037 3498 1114 3543 eum
1141 3479 1182 3543 de
1205 3476 1283 3542 aliis
1307 3495 1407 3540 exse

384 3589 615 3655 coniecturam
637 3588 762 3654 facere:

470 3701 561 3781 „Ain
572 3720 664 3780 vere,
680 3698 844 3766 verbero?
860 3699 951 3764 Deos
967 3719 1040 3765 esse
1056 3699 1108 3764 tui
1123 3699 1247 3764 similis
1262 3697 1407 3783 putas?“

471 3940 492 4008 ¹)
510 3938 675 3994 Accuratius
699 3954 791 3994 eorum
817 3936 981 3993 sententiam
1006 3937 1170 4006 redarguere
1197 3935 1290 3991 studui
1311 3936 1341 3991 in
1363 3953 1409 4005 ap·

383 4027 503 4097 pendite.
