3256 4900
665 407 817 499 A

227 591 372 676 petitam
406 610 487 656 esse.
532 592 585 656 Ac
617 589 772 675 profecto
806 591 993 656 sententiae
1026 591 1148 656 saltem
1181 591 1253 656 illis

228 702 386 768 versibus
409 721 590 788 expressae
623 702 824 788 plerumque
857 702 945 768 nihil
975 705 1150 787 praebent,
1184 723 1252 788 quo

226 814 313 878 haec
328 813 444 898 opinio
459 811 567 877 refelli
582 813 701 897 possit.
733 811 800 878 Sed
815 834 883 898 quo
900 814 983 900 quid
998 813 1102 878 velim
1116 813 1253 879 facilius

226 925 466 1009 perspiciatur,
501 945 577 990 oum
612 924 678 990 hac
710 924 969 991 narratiuncula
999 925 1096 990 illam
1118 944 1254 1010 pugnae

227 1035 494 1120 desmiptionem
509 1034 822 1120 praeclarissimam
838 1035 1019 1114 conseram,
1041 1057 1145 1122 quam
1161 1035 1253 1120 apud

226 1147 429 1231 Euripidem
453 1146 489 1210 in
512 1145 707 1211 Heraclidis
731 1151 811 1226 (vss.
836 1150 1019 1226 799-866)
1043 1146 1200 1231 legimus.

313 1257 399 1323 Acie
454 1259 546 1343 apud
599 1257 800 1342 Euripidem
858 1248 1038 1342 utrimque
1085 1258 1256 1322 instructa

225 1369 491 1435 Atheniensium
514 1369 702 1453 imperator
724 1387 802 1433 oum
824 1370 1018 1453 Eurystheo
1042 1368 1254 1453 colloquium

227 1481 389 1560 instituit,
418 1480 577 1546 utillum
605 1481 650 1545 ad
672 1500 824 1566 pugnam
848 1480 1058 1565 singularem
1081 1481 1253 1564 provocet,

226 1613 275 1659 vs.
300 1597 364 1660 800
379 1612 468 1677 sqq:

227 1708 301 1771 800.
354 1703 445 1784 ,ἐπεὶ
493 1703 555 1785 γὰρ
607 1701 832 1786 ἀλλήλοισιν
881 1701 1043 1787 ὁπλίτην
1090 1699 1253 1786 στρατόν

314 1815 410 1877 κατὰ
433 1814 540 1895 στόμ’
568 1813 804 1888 ἐκτείνοντες
838 1813 1120 1895 οἷντετάξοιμεν,

313 1925 408 2006 ἐκβὰς
441 1927 634 2007 τεθρίππων
657 1923 775 1998 Ὕλλος
803 1923 956 2008 ἁρμάτων
981 1923 1070 1987 πόδα

314 2035 399 2120 ἔστι]
429 2039 605 2115 μέσοισιν
638 2035 678 2099 ἒν
710 2039 956 2116 μεταιχμίοις
990 2034 1110 2118 δορός.

313 2146 466 2210 κᾶπειτ’
499 2145 637 2220 ἔλεξεν·
672 2146 697 2208 oi
732 2147 879 2230 στρατήγ’
902 2147 938 2220 ὃς
958 2146 1115 2228 Ἀργόθεν

227 2265 303 2330 805.
316 2259 427 2342 „ciuem
456 2261 487 2320 τί
513 2257 605 2343 τήνδε
631 2269 729 2337 γαῖαν
756 2259 812 2322 οὐκ
838 2259 1036 2340 είάσοιμενςι(
1067 2282 1095 2322 κ.
1117 2283 1142 2324 τ.
1164 2257 1192 2321 λ.

314 2371 480 2438 Similiter
513 2373 604 2457 apud
627 2372 789 2437 Plautum
822 2374 965 2456 uterque
998 2371 1067 2435 dux
1100 2371 1190 2436 inter
1217 2390 1253 2437 se

226 2485 437 2570 colloquitur
451 2484 492 2548 de
508 2486 609 2564 sorte,
625 2503 714 2568 quae
729 2483 829 2550 victis
846 2482 1032 2567 contingat,
1045 2502 1094 2548 vs.
1109 2485 1252 2568 219sqq.

316 2596 523 2679 „Postquam
550 2595 723 2679 utrimque
751 2595 914 2660 exitumst
936 2613 1098 2658 maxuma
1121 2594 1229 2680 copia,

229 2712 302 2774 220.
315 2705 498 2790 Dispertiti
521 2705 598 2784 viri,
622 2697 794 2790 dispertiti
817 2705 969 2772 ordines:

315 2817 380 2882 Nos
402 2821 528 2881 νιοείνοε
548 2837 633 2880 more
655 2820 762 2881 nostro
783 2821 814 2880 et
833 2817 922 2881 modo
943 2816 1162 2882 instruximus

312 2927 481 3012 Leqioncs:
501 2927 577 2992 item
592 2927 691 2992 hostcs
706 2933 818 2992 οοιιίνο
834 2927 968 3010 ίορτονιοε
983 2948 1060 2992 acce
1075 2928 1251 3008 instruent,

313 3042 445 3108 Deinde
466 3039 596 3122 utrique
617 3040 820 3122 imperatores
842 3040 880 3104 τ’τι
902 3039 1042 3103 medium
1064 3043 1191 3118 caecat,

313 3155 422 3219 Extra
443 3152 579 3217 turbam
605 3151 763 3216 ordinum
789 3150 1004 3216 collocuntur
1026 3149 1138 3214 simul.

227 3269 299 3331 225.
325 3262 502 3344 Convenit,
524 3263 608 3328 victi
629 3263 701 3328 utri
723 3263 793 3327 sint
815 3281 854 3327 eo
876 3261 1018 3346 proeliO,

312 3377 452 3457 Urbem,
476 3395 608 3460 agrum,
632 3393 720 3455 ποτε,
743 3372 838 3440 focos
862 3373 1038 3458 sequenti
1061 3373 1253 3438 dederont.“

313 3487 418 3573 Apud
437 3486 599 3552 Plautum
621 3488 699 3550 ante
721 3485 891 3570 proelium
914 3487 1055 3569 uterque
1080 3485 1150 3549 dux
1171 3486 1253 3548 vota

228 3597 357 3664 faciens
380 3598 496 3662 alove
512 3597 639 3662 exitum
655 3616 792 3681 pugnae
810 3615 1013 3681 prosperum
1033 3595 1101 3662 sibi
1124 3594 1252 3680 expetit

230 3709 272 3789 (v.
297 3713 358 3776 229
374 3712 454 3794 sq.);
484 3746 525 3754 -
548 3707 708 3774 similiter
729 3707 920 3772 Pausanias
947 3708 985 3772 in
1011 3726 1129 3792 pugna
1160 3707 1252 3791 apud

229 3820 387 3886 Plataeas
421 3821 606 3886 commissa
639 3820 804 3884 lunonem
837 3819 1012 3884 invocavit
1045 3818 1188 3902 (Herod.
1222 3824 1251 3896 9,

228 3936 283 4012 61)
329 3953 385 4011 -;
430 3932 521 4016 apud
565 3930 767 4017 Euripidem
810 3933 994 4015 postquam
1038 3930 1251 4013 Eurystheus

228 4043 385 4128 ignavus,
420 4062 507 4127 quae
528 4042 792 4107 Atheniensium
826 4041 897 4105 dux
919 4043 1085 4121 suaserat,
1120 4039 1250 4120 abnuit,
