3256 4900
816 384 970 478 —30—

378 565 555 631 rentianae
571 568 614 632 ad
630 567 830 652 religionem
845 571 1057 654 spectantes“
1074 571 1169 650 (diss.
1182 571 1297 657 inaug.
1311 572 1405 658 Lips.

276 701 279 707 ·
381 678 462 742 1884
478 697 511 763 p.
528 682 547 743 6
563 697 614 763 sq.

464 808 513 872 At
538 807 575 870 in
599 805 744 873 Graecia
770 809 930 874 mulieres
952 810 1182 894 parturientes
1204 811 1404 897 plerumque

378 917 527 982 Dianam
550 918 704 1001 (Theocr.
726 923 781 1000 27,
805 924 846 985 29
863 919 921 1004 al.)
950 921 1151 1002 adorabant,
1178 923 1271 1006 quod
1294 943 1405 988 exem-

377 1028 473 1113 plum
499 1027 645 1095 feminae
667 1031 842 1096 Romanae
864 1035 985 1117 postea
1007 1034 1145 1098 demum
1167 1037 1302 1100 secutae
1325 1037 1406 1100 sunt

378 1137 435 1221 (cf.
458 1139 543 1205 Hor.
569 1142 622 1207 od.
647 1146 677 1223 3,
701 1146 757 1222 223
786 1142 910 1209 (latull.
928 1148 979 1224 34,
1004 1149 1113 1229 9sqq.
1138 1143 1235 1210 Ovid.
1257 1143 1336 1211 fast.
1358 1145 1403 1226 H,

377 1253 438 1315 451
466 1250 533 1335 al).
580 1250 686 1320 Cuius
720 1254 930 1328 discriminis
965 1255 1192 1340 gravissimus
1225 1255 1322 1322 testis
1354 1259 1405 1322 est

377 1359 496 1428 Cicero
524 1364 579 1448 (de
607 1369 675 1430 nat.
705 1366 796 1432 deor.
819 1367 864 1447 ΙΙ,
892 1370 943 1446 27,
972 1367 1045 1448 68);
1085 1367 1220 1452 „itaque
1247 1369 1286 1432 ut
1312 1367 1403 1452 apud

378 1471 527 1540 Graecos
543 1477 691 1542 Dianam
712 1498 853 1562 eamque
868 1477 1071 1558 Luciferam,
1094 1479 1145 1544 sic
1160 1479 1251 1564 apud
1266 1481 1404 1545 nostros

375 1584 542 1651 Iunonem
564 1588 731 1653 Lucinam
753 1588 789 1653 in
812 1589 977 1675 pariendo
1000 1592 1155 1655 vocant“.

461 1725 573 1810 Atqui
606 1726 647 1790 de
681 1725 839 1792 Terentio
862 1727 1020 1792 Donatus
1049 1727 1107 1810 (ad
1129 1727 1238 1793 Andr.
1262 1727 1283 1792 l.
1307 1747 1334 1794 s.
1358 1733 1400 1804 s.)

376 1834 514 1900 definite
548 1835 714 1902 affirmat:
750 1837 1005 1917 ,obstetriciam
1039 1841 1243 1923 potestatem
1275 1838 1401 1904 Iunoni

378 1947 546 2025 attribuit,
581 1967 790 2033 quamquam
826 1948 1015 2013 Menander
1046 1947 1143 2012 illam
1164 1949 1313 2014 Dianam
1341 1968 1400 2034 ap-

375 2058 517 2143 pellat“;
546 2058 772 2144 similiterque
794 2059 1031 2145 Eugraphius:
1063 2060 1182 2140 „Hanc
1205 2059 1397 2142 (Iunonem)

376 2170 517 2255 quidam
539 2174 652 2236 tamen
683 2171 799 2257 potius
826 2190 901 2237 esse
923 2170 1073 2236 Dianam
1096 2170 1264 2235 dixerunt.
1310 2171 1399 2236 Nam

374 2282 425 2347 ita
451 2283 640 2348 Menander
673 2282 786 2366 ipsam
819 2285 920 2348 vocat
952 2301 1056 2367 quam
1097 2281 1182 2346 dicit
1214 2279 1397 2363 &tricaret

374 2395 483 2479 Erg0,
517 2394 604 2459 Iuno
633 2393 811 2459 afeminis
836 2392 977 2459 Graecis
1010 2393 1181 2458 interdum
1215 2391 1398 2458 mulierum

376 2504 598 2590 gravidarum
625 2507 774 2589 patrona
802 2504 883 2569 licet
909 2507 1032 2569 vocata
1059 2504 1106 2568 sit
1131 2502 1187 2585 (cf.
1211 2502 1398 2568 Prellerus:

375 2617 484 2700 Myth.
514 2615 650 2682 Graec.¹
680 2615 706 2679 Ι.
739 2615 829 2698 113),
870 2619 985 2680 tamen
1028 2635 1096 2680 non
1133 2615 1253 2680 videor
1296 2614 1398 2679 nimis

374 2728 537 2792 audacter
570 2726 774 2792 contendere
807 2726 969 2791 Plautum
1002 2745 1057 2792 res
1087 2726 1259 2791 Romanas
1291 2725 1399 2810 respi-

376 2840 519 2905 cientem
551 2837 778 2905 Alcumenam
812 2857 873 2923 per
894 2838 1059 2903 Iunonem
1086 2837 1252 2903 Lucinam
1284 2837 1401 2902 iuran-

374 2953 444 3015 tem
465 2949 601 3029 secisse,
624 2949 660 3014 in
684 2949 838 3034 exemplo
862 2949 980 3014 Attico
1003 2949 1166 3029 Dianam,
1200 2968 1269 3013 non
1295 2948 1397 3013 Iuno-

374 3083 451 3126 nem
474 3063 685 3128 nominatam
707 3061 822 3127 fuisse.

457 3200 564 3265 Poeta
585 3199 695 3282 igitur
717 3200 756 3262 ut
778 3197 835 3263 hic
858 3197 899 3262 de
922 3196 1053 3262 Iunone
1075 3196 1216 3278 Lucina,
1244 3197 1295 3261 ita
1315 3197 1394 3262 aliis

372 3310 458 3377 locis
493 3311 534 3376 de
560 3309 647 3375 Jove
676 3307 871 3394 Capitolino
900 3308 1047 3392 cogitari
1076 3307 1159 3372 vult.
1209 3311 1262 3375 Ac
1283 3328 1315 3372 v.
1333 3312 1394 3375 278

373 3423 445 3488 eius
469 3441 673 3506 cognomen:
699 3421 896 3506 „Optimus“
922 3420 1057 3505 legitur.

457 3560 565 3626 Porro
587 3581 618 3625 v.
637 3565 712 3626 461:

459 3689 556 3770 ,Nisi
578 3687 682 3753 etiam
702 3687 733 3754 is
756 3706 893 3772 quoque
915 3706 969 3751 me
991 3685 1181 3770 ignorabit,
1215 3685 1308 3770 quod
1335 3683 1395 3748 ille

1068 3795 1156 3861 faxit
1177 3796 1349 3882 Iuppiter“

371 3912 428 3978 hic
465 3914 549 3978 deus
586 3911 726 3977 dicitur:
770 3909 852 3990 ,ille
889 3908 1081 3994 Iuppiter“;
1121 3907 1162 3972 cf.
1190 3909 1292 3973 Most.
1317 3909 1390 3973 398.

372 4024 493 4090 Pseud.
523 4026 600 4090 923:
636 4022 709 4103 ,ita
735 4022 794 4088 ille
824 4020 912 4086 faxit
939 4019 1128 4106 Iuppiter“;
1163 4017 1262 4087 Curc.
1285 4037 1316 4082 v.
1338 4021 1393 4082 27:
