3256 4900
743 410 780 471 15

252 597 436 675 tonitrus“;
465 599 498 660 et
530 595 566 659 in
600 594 789 680 posteriore
817 612 936 658 versus
963 599 1060 678 parte
1085 591 1171 657 illud
1196 595 1273 672 „ut“

250 713 303 774 ter
326 729 402 774 omn
426 711 518 772 certa
541 707 575 771 vi
597 707 750 792 positum
773 709 832 772 est.
1211 703 1213 708 ’

335 837 406 902 Neo
428 856 508 900 vero
532 836 645 900 minus
669 833 797 899 affabre
817 831 1069 917 artificioseque
1083 851 1146 897 nec
1160 832 1274 898 minus

168 937 174 944 Χ
252 949 359 1015 libere
386 947 529 1012 Plautus
564 947 637 1032 ipse
664 946 838 1031 plerisque
871 964 989 1010 eornm
1017 944 1171 1009 locorum
1199 963 1274 1010 ora-

251 1062 379 1125 tionem
403 1057 639 1135 conformavit,
664 1056 790 1140 quibus
813 1055 874 1120 uni
888 1055 1057 1122 vocabulo
1080 1054 1205 1140 duplex
1221 1055 1274 1120 vis

252 1170 417 1236 tribuitur
444 1176 504 1233 ant
525 1167 681 1254 quolibet
702 1167 805 1232 modo
839 1168 875 1232 in
903 1167 1099 1232 nominibus
1122 1167 1273 1252 propriis

254 1282 308 1346 vel
329 1281 508 1346 vocabulis
531 1281 609 1345 aliis
631 1279 771 1345 luditur.
807 1277 913 1345 Cuius
936 1279 986 1343 rei
1009 1278 1200 1363 exemplum
1223 1277 1274 1343 ln·

255 1392 526 1457 culentissimum
548 1391 673 1474 legitur
695 1409 743 1455 vs.
770 1394 831 1456 304
854 1409 929 1475 sqq.

339 1514 511 1600 Quoniam
523 1519 716 1584 Mercurius
731 1522 770 1582 nt
782 1516 910 1598 Sosiae,
927 1537 1025 1584 servo
1042 1518 1272 1597 timidissimo,

190 1610 192 1614 ⁸
251 1651 423 1722 summum
447 1633 573 1695 metum
597 1631 748 1710 iniceret,
772 1629 948 1695 simulavit
968 1649 1004 1695 se
1026 1631 1096 1695 iam
1112 1632 1275 1715 quattuor

168 1797 173 1800 .
249 1741 405 1807 homines
428 1743 643 1822 mulcavisse‚
672 1742 838 1828 quamdiu
862 1743 976 1808 animo
1006 1742 1127 1808 defecti
1150 1746 1271 1820 essent,

249 1852 307 1918 ille
329 1854 625 1919 vehementissime
647 1855 788 1920 territus
811 1854 980 1919 exclamat
1002 1854 1066 1937 (vs.
1086 1859 1147 1921 304
1168 1855 1270 1939 sqq.):

566 1988 570 1994 '
661 1975 844 2054 „Formido
867 1973 965 2054 male,

336 2087 386 2150 Ne
402 2104 465 2170 ego
489 2086 545 2149 hio
568 2105 692 2150 nomen
715 2105 827 2151 meum
844 2087 1049 2150 commutem
1073 2089 1106 2150 et
1122 2085 1272 2166 Quintus

977 2193 1059 2259 fiam
1083 2215 1099 2259 e
1122 2193 1230 2260 Sosia.

340 2322 511 2403 Quattuor
534 2323 626 2388 viros
650 2323 767 2406 sopori
791 2343 826 2388 se
850 2321 984 2388 dedisse
1006 2322 1064 2388 hic
1086 2327 1272 2388 autumat.“

335 2450 460 2514 Metuit
481 2450 599 2534 igitur,
623 2470 664 2513 ne
680 2450 755 2534 ipse
778 2451 918 2535 quintus
941 2449 996 2530 sit,
1020 2470 1122 2535 quem
1144 2450 1201 2515 ille
1224 2451 1273 2516 ita

251 2560 338 2624 male
360 2563 569 2626 tractaturus
592 2561 651 2625 sit:
691 2580 833 2644 eamque
854 2562 1058 2626 sententiam
1082 2582 1111 2626 v.
1136 2566 1198 2629 304
1221 2582 1270 2649 sq.

249 2672 409 2756 ambigue
436 2690 477 2736 ac
503 2670 622 2736 festive
650 2671 700 2737 sio
722 2672 892 2756 exprimit,
928 2672 1030 2757 quasi
1063 2694 1143 2739 vero
1178 2678 1273 2759 putet

249 2802 286 2848 se
322 2782 415 2848 brevi
447 2802 570 2847 nomen
605 2802 704 2848 suum
739 2803 817 2848 omn
850 2784 1070 2868 praenomine
1100 2784 1270 2850 Romano:

251 2893 441 2975 „Quintus“
477 2897 767 2959 commutaturum
802 2914 883 2960 esse.
941 2893 1107 2960 Similiter
1139 2895 1273 2962 iocatur

244 3000 439 3088 *Chrysalus
464 3003 598 3082 (Bacch.
624 3007 685 3070 361
710 3006 791 3089 sq.):

304 3130 467 3217 ‚-„Credo
491 3131 603 3196 hercle
627 3132 811 3197 adveniens
834 3152 957 3197 nomen
979 3133 1129 3198 mutabit
1150 3133 1236 3197 mihi

279 3219 299 3234 ’
334 3241 518 3324 Facietque
533 3241 702 3327 extemplo
717 3240 933 3307 Crucisalum
946 3263 999 3306 me
1012 3263 1053 3307 ex
1066 3241 1270 3327 Cln·ysalo“;

247 3351 444 3436 pariterque
456 3351 607 3416 minatur
618 3353 771 3418 Libanus
783 3371 948 3418 conservo
959 3353 1068 3436 (Asin.
1076 3375 1106 3420 v.
1119 3359 1158 3421 37
1162 3357 1180 3421 3
1191 3360 1270 3440 sq.):

335 3470 479 3549 „Hercle
502 3491 582 3536 vero
602 3475 640 3537 tu
657 3473 792 3538 cavebis
808 3493 850 3537 ne
865 3493 918 3537 me
935 3474 1097 3560 attingas,
1121 3476 1151 3540 si
1166 3476 1270 3561 sapis

333 3579 383 3645 Ne
406 3580 506 3645 hodie
534 3581 624 3645 malo
652 3603 729 3647 cnm
753 3583 907 3668 auspicio
936 3604 1060 3649 nomen
1084 3590 1271 3651 commuta-

1104 3699 1225 3764 veris.“

333 3813 500 3880 Similiter
515 3817 675 3902 ambigue
690 3815 789 3882 Sosia
812 3821 845 3882 et
865 3817 901 3882 in
917 3817 1034 3882 eadem
1055 3820 1151 3883 actus
1167 3818 1270 3903 primi

248 3943 370 3990 scaena
393 3925 498 4012 longa
521 3931 554 3993 et
570 3928 605 3992 in
620 3927 756 3994 fabulae
779 3929 937 4013 partibus
960 3929 1038 3994 aliis
1062 3929 1198 4013 saepius
1221 3930 1270 3994 io-

248 4039 353 4100 catur.
399 4039 453 4103 Ac
475 4038 621 4122 legimus
645 4060 674 4102 v.
700 4044 776 4104 344:
