3256 4900
865 433 905 493 62

374 617 600 683 libentissime
633 617 790 697 edebant,
829 636 1027 680 muraenam
1065 616 1180 681 eibum
1214 614 1397 680 delicatum

375 747 448 793 esse
476 732 690 794 censuerunt.
737 725 785 792 cf.
814 731 949 811 praeter
976 727 1191 792 Athenaeum
1220 731 1248 806 7,
1272 729 1332 792 331
1358 727 1395 791 Β.

376 838 411 905 C.
435 839 699 904 Anaxandrides
723 838 873 903 comicus
901 858 979 902 cum
1006 838 1091 903 alias
1116 837 1233 922 epulas
1256 837 1293 901 in
1316 857 1398 902 cena

373 948 567 1016 lautissima
590 949 810 1035 apponendas
838 953 910 1014 tum
938 949 1002 1014 hos
1029 949 1140 1034 pisces
1168 948 1302 1033 aliaque
1325 949 1397 1012 ani·

375 1061 479 1125 malia
502 1061 637 1126 marina
659 1079 860 1125 enumerans
885 1060 960 1142 (ΙΙΙ,
988 1063 1057 1138 185,
1082 1063 1122 1124 45
1138 1061 1243 1145 sqq.):

972 1170 1126 1252 ,,κοὶραβοι
1149 1170 1254 1246 ὀπτοί,

459 1279 606 1356 τευθίδες
634 1281 741 1359 ὀπταί,
770 1284 913 1365 κεστρεὺς
940 1279 1054 1364 ἑφθός,

460 1395 573 1476 σηπίαι
595 1391 712 1476 ἑφθαί,
735 1393 890 1477 μύραιν’
912 1392 1027 1477 ἑφθή,

459 1505 567 1584 κωβιοὶ
590 1504 700 1587 ἑφθοί,
724 1504 877 1577 θυννίδες
900 1503 1029 1568 ὀπταί.“
1066 1527 1093 1566 κ.
1115 1528 1142 1566 τ.
1163 1502 1192 1565 ί.

374 1617 426 1679 Αο
462 1615 645 1700 praecipue
682 1635 846 1680 muraena
883 1615 1037 1680 Tartesia
1077 1613 1309 1699 praedicatur:
1356 1614 1396 1679 cl.

373 1726 551 1810 Aristoph.
576 1725 661 1789 Rau.
686 1731 748 1792 474
764 1745 814 1810 sq.
849 1726 934 1790 Poll.
959 1725 1022 1790 On.
1047 1716 1083 1805 6‚'
1109 1729 1173 1792 63:
1198 1724 1308 1807 ,,παρὰ
1333 1735 1398 1796 τοῖς

376 1835 527 1910 παλαιοῖς
553 1835 741 1916 εὐδοκίμουν
766 1834 907 1921 μύραινα
934 1835 968 1897 ἐκ
994 1836 1147 1920 πορθμοῦ
1180 1839 1234 1896 καὶ
1259 1835 1399 1920 μύραινα

377 1950 545 2031 Ταρτησία.
592 1948 690 2012 Varr.
715 1953 778 2014 sat.
802 1949 891 2014 Men.
916 1951 993 2014 403:
1023 1946 1116 2029 ,περὶ
1139 1944 1353 2027 ἕδεσμοίτων.“

458 2059 574 2124 Etiam
597 2059 683 2124 alias
706 2079 889 2124 muraenae
916 2059 1042 2123 mentio
1070 2058 1122 2123 fit:
1157 2059 1201 2124 ab
1224 2058 1397 2142 Aeschylo

376 2167 568 2253 Choephor.
597 2191 627 2233 v.
656 2175 713 2235 991
739 2189 804 2254 sq.;
839 2174 899 2234 aut
926 2171 968 2235 ab
997 2169 1196 2253 Antiphane
1223 2168 1301 2251 (III,
1328 2173 1397 2249 123,

375 2284 484 2365 3sqq.
509 2281 641 2361 Μῶα.)
868 2280 1036 2364 ,,3ρᾶτταν
1058 2277 1076 2362 ἢ
1100 2276 1228 2362 ψῆτταν
1254 2277 1356 2360 τιν’ί)

458 2391 618 2476 μύραιναν
645 2389 663 2473 ἢ
686 2390 786 2454 κακόν
813 2393 843 2452 τί
864 2413 919 2472 μοι
941 2388 1035 2451 δώσει
1057 2391 1139 2470 μέγα

460 2501 676 2565 θαίοίττιον.“

460 2612 696 2680 Contumeliae
730 2615 841 2676 autem
876 2630 980 2676 causa
1013 2631 1033 2675 a
1061 2611 1192 2676 comico
1226 2630 1397 2696 anonymo

374 2725 445 2806 (IV,
470 2725 545 2806 657)
570 2724 684 2790 nescio
708 2724 785 2809 quis
809 2722 1015 2808 appellatur:

461 2834 523 2916 ,Ὤ
546 2833 678 2918 πρόδοιι
701 2835 755 2896 καὶ
778 2834 947 2919 παραγωγὲ
970 2835 1024 2896 καὶ
1046 2833 1185 2918 μύραινα
1207 2835 1276 2896 σύ.“

458 2948 638 3013 Praeterea
671 2946 811 3012 afferam
843 2967 874 3011 v.
899 2950 971 3028 836,
1005 2947 1066 3013 ubi
1100 2951 1132 3011 et
1164 2946 1399 3012 Romanorum

373 3062 406 3124 et
440 3059 649 3127 Graecorum
687 3079 765 3124 cum
801 3058 938 3123 iudiciis
975 3059 1020 3123 ad
1056 3057 1157 3122 fidem
1194 3057 1397 3124 muliebrem

374 3173 608 3257 spectantibus
633 3163 857 3237 consenantia
871 3172 1042 3258 leguntur.
1081 3171 1291 3237 Alcumenae
1307 3172 1397 3236 enim

374 3283 537 3367 quoniam
560 3301 596 3346 se
618 3281 874 3346 matrimonium
899 3301 967 3346 non
994 3282 1128 3367 rupisse
1151 3283 1225 3348 iure
1251 3283 1396 3347 iurando

375 3391 569 3473 affirmavit,
593 3393 661 3459 sibi
679 3412 749 3457 non
765 3412 838 3458 esse
854 3393 1060 3458 credendum
1075 3396 1172 3458 ratus
1188 3394 1396 3478 Amphitruo

374 3504 556 3569 exclamat:

460 3615 608 3696 „Mulier
630 3635 679 3681 es:
704 3617 866 3681 audacter
887 3616 1013 3682 iuras.“

458 3727 512 3792 Ex
535 3728 762 3812 scriptoribus
785 3726 950 3793 Romanis
977 3729 1113 3811 praeter
1135 3726 1306 3806 Plautum,
1337 3725 1398 3811 qui

374 3838 533 3905 similiter
578 3839 661 3904 dicit
705 3839 778 3904 Mil.
823 3843 900 3905 456:
952 3837 1133 3918 „muliebri
1176 3837 1257 3902 feeit
1298 3835 1396 3917 fide“‚

375 3947 531 4015 Catullus
566 3950 632 4032 (70,
668 3952 712 4030 3),
757 3948 913 4016 Tibullus
948 3948 988 4031 (I,
1023 3952 1052 4028 4,
1088 3950 1153 4031 21),
1197 3948 1397 4033 Propertius

373 4060 434 4144 (Il,
458 4064 508 4141 28,
532 4062 576 4144 6),
605 4060 749 4127 Ovidius
771 4062 903 4143 (Amor
925 4060 988 4140 ΙΙΙ,
1012 4062 1046 4142 3)
1081 4061 1122 4124 (1ο
1149 4059 1216 4124 fide
1237 4059 1398 4125 muliebri
