3256 4900
685 393 839 486 Q

249 578 371 663 ignoro
396 575 600 663 Sophoclem
623 597 738 644 voces:
764 576 935 662 ,ἕσχάραι“
961 581 994 644 01
1017 580 1155 660 ,0100011
1180 578 1276 643 simi-

249 687 328 754 liter
350 689 448 754 iuxta
470 688 627 772 posuisse
651 689 769 773 Antig.
796 693 877 755 1016
893 708 960 774 sq.:

405 825 525 906 ,βωμοὶ
547 825 607 908 γὰρ
631 823 706 908 ἡμῖν
728 824 861 910 ἐσχάραι
884 849 916 888 τε
938 825 1109 900 παντελεῖς

403 934 532 1020 πλήρεις
554 934 609 998 ὑπ’
632 937 756 1000 οἰωνῶν
778 937 887 998 τεκαὶ
910 938 1015 1000 κυνῶν
1036 929 1162 1021 ,10ρᾶςέ

334 1082 451 1147 Etiam
473 1083 527 1147 100
550 1081 744 1146 Romanum
765 1081 909 1148 Plautus
936 1083 973 1147 in
1000 1083 1065 1147 hac
1086 1082 1205 1148 fabula
1227 1085 1277 1148 ita

251 1193 409 1279 respexit,
433 1196 472 1258 ut
495 1195 528 1257 et
549 1192 815 1275 magistratuum
838 1193 880 1258 de
901 1194 1100 1261 hominibus
1124 1194 1276 1261 scelestis

253 1304 477 1371 iudicantium
493 1304 698 1369 mentionem
719 1301 846 1368 faceret
868 1308 901 1369 et
922 1305 1092 1370 vocabula
1107 1301 1276 1390 quaedam

255 1419 287 1479 et
317 1413 500 1480 formulam
533 1415 707 1500 quandam
741 1414 890 1494 afferret,
929 1434 1017 1500 qnae
1049 1415 1087 1479 in
1120 1435 1276 1482 sermone

258 1526 485 1591 Romanorum
508 1525 594 1590 iuris
619 1525 853 1591 consultorum
876 1524 1005 1591 usitata
1027 1529 1132 1590 erant.

337 1673 578 1758 Magistratus,
624 1693 710 1758 quos
749 1673 840 1750 dico,
886 1676 967 1738 sunt
996 1672 1060 1737 ¹illi
1104 1676 1172 1739 tres
1209 1673 1277 1737 viri

252 1784 426 1870 capitales
449 1804 535 1870 quos
558 1804 725 1850 unacum
749 1787 825 1849 octo
841 1783 1021 1850 lictoribus
1045 1785 1090 1866 (v.
1109 1786 1185 1868 159)
1208 1785 1274 1850 iam

252 1915 358 1981 supra
381 1896 492 1961 obiter
514 1895 622 1976 tetigi,
646 1915 724 1960 cum
747 1894 905 1979 loquerer
920 1895 962 1959 de
984 1914 1095 1978 poena
1116 1894 1186 1975 illa,
1210 1915 1279 1980 qua

253 2008 343 2073 servi
365 2010 469 2072 noctu
501 2007 538 2071 in
571 2006 694 2090 plateis
728 2006 825 2070 urbis
860 2005 1016 2088 oppressi
1040 2004 1279 2071 afficiebantur

255 2118 295 2198 (v.
333 2121 418 2202 155).
475 2119 611 2200 Quibus
648 2115 910 2202 magistratibus
947 2116 1014 2181 hoc
1046 2137 1171 2181 munus
1205 2121 1279 2180 erat

252 2231 389 2316 publico
412 2232 540 2312 datum,
574 2233 614 2296 ut
636 2229 771 2309 „vincla
794 2227 945 2294 sontium
968 2229 1152 2307 servarent,
1188 2227 1278 2311 capi·

253 2343 337 2408 talia
363 2342 598 2408 vindicarent“
629 2341 685 2423 (cf.
716 2341 785 2406 Cic.
814 2341 855 2404 dc
883 2339 984 2421 legib.
1003 2343 1039 2418 3,
1063 2339 1105 2420 3).
1151 2338 1279 2403 Memo-

252 2456 374 2520 rantur
397 2453 499 2518 etiam
523 2451 602 2518 Aul.
626 2472 656 2516 v.
681 2453 743 2517 416
761 2470 810 2535 sq.
838 2450 930 2515 Pers.
956 2437 1005 2516 72.
1030 2449 1127 2514 Asin.
1154 2453 1223 2516 131.

340 2600 441 2681 Quod
485 2599 529 2663 ad
572 2598 657 2662 talia
693 2596 862 2662 vocabula
904 2596 1038 2676 attinet,
1084 2594 1201 2680 qualia
1243 2595 1279 2659 in

253 2692 489 2776 Romanorum
522 2729 679 2775 sermone
714 2708 844 2774 forensi
877 2711 1005 2773 certam
1038 2707 1109 2772 vim
1143 2708 1279 2784 habent,

254 2822 427 2907 Amphitr.
451 2842 482 2886 v.
507 2823 582 2887 375:
623 2820 767 2905 „pugnis
790 2839 856 2885 usu
878 2818 990 2884 fecisti
1012 2821 1129 2884 tuom“
1285 2807 1292 2822 ’

255 2937 440 3000 occurrunt
472 2951 588 2998 voces:
635 2951 719 3007 ,000
752 2930 893 2996 sacar.
938 2930 1023 3010 EaS,
1057 2949 1120 3015 pro
1154 2930 1279 3015 quibus
1337 2927 1342 2936 '

254 3045 467 3129 saepissime:
493 3063 578 3123 „usu
601 3045 741 3127 capere“
751 3041 774 3124 ¹)
798 3041 939 3120 dicitnr,
970 3037 1166 3105 Gronovius
1190 3039 1280 3119 (1001.

254 3156 366 3221 Ρ1001.
401 3175 432 3240 0.
459 3159 510 3230 12)
546 3153 597 3219 010
624 3151 791 3218 definivit:
839 3154 911 3230 „est
943 3153 1016 3215 tam
1050 3151 1109 3215 diu
1141 3153 1280 3234 tamque

254 3266 361 3333 libere
386 3266 438 3331 nti
472 3268 504 3329 01
537 3265 748 3330 contrectare
771 3261 934 3341 alienum,
969 3263 1008 3326 01
1029 3264 1185 3326 nostrum
1208 3258 1279 3340 fiat,

257 3382 290 3443 et
311 3380 458 3442 veterem
481 3374 658 3441 dominum
682 3373 848 3437 amittat.“

340 3503 504 3571 Formula
537 3503 683 3587 denique
716 3501 786 3581 illa,
821 3520 891 3585 qua
919 3501 1011 3585 apud
1032 3499 1281 3564 1100000011-

255 3617 406 3682 vortium
430 3615 660 3692 denuntiatur,
684 3613 798 3697 posita
821 3615 872 3676 est
893 3633 924 3676 v.
950 3614 1026 3678 928:

342 3727 487 3807 „valeas
510 3725 576 3792 tibi
598 3725 725 3790 habeas
748 3741 802 3787 res
826 3725 914 3802 1000,
938 3721 1062 3786 reddas
1085 3723 1215 3784 meas“:

341 3968 361 4034 ¹)
398 3967 477 4022 Truc.
512 3966 565 4020 264
602 3963 697 4019 scribit
732 3959 880 4016 Schocllius
916 3976 964 4028 pro
999 3956 1174 4013 Ambrosiani
1209 3955 1281 4010 ΒΗΤ

255 4052 459 4108 Dncnrrsri
479 4067 545 4115 ,000
563 4048 673 4118 0001011“
693 4047 765 4116 quod
783 4043 894 4099 dubium
912 4051 962 4099 est.
