3256 4900
665 381 818 476 —59—

320 587 407 647 „non
430 571 468 631 tu
491 567 558 632 sois
582 567 720 652 quando
744 564 951 631 afflictentur
973 565 1129 630 homines
1153 566 1256 628 noctu

973 676 1031 742 hic
1052 677 1089 740 in
1112 675 1209 740 via?“

315 805 381 872 Sed
404 809 445 871 de
468 808 585 872 eadem
604 827 641 871 re
656 807 795 872 Atticus
818 827 954 893 quoque
969 810 1070 892 poeta
1093 805 1256 890 conqueri

228 917 355 1002 potuit:
398 937 477 982 nam
510 916 663 1003 profecto
694 919 784 984 hanc
817 919 979 984 iuvenum
1013 917 1180 984 nobilium
1215 936 1254 980 ac

229 1029 390 1113 superbia
428 1028 619 1094 afflatorum
656 1031 920 1095 Atheniensium
957 1035 1060 1096 noctu
1097 1029 1254 1094 homines

229 1139 444 1205 ambulantes
479 1141 694 1224 opprimendi
728 1144 761 1206 et
794 1142 941 1226 pessime
975 1140 1150 1205 mulcandi
1177 1159 1255 1204 con·

228 1250 443 1315 suetudinem
485 1251 609 1317 malam
652 1239 779 1336 optime
816 1252 969 1317 illustrat
1005 1251 1254 1317 Demosthenes

231 1361 280 1439 (in
303 1359 431 1426 Conon.
456 1362 474 1446 ξ
491 1368 509 1428 7
525 1364 622 1448 sqq).
658 1361 908 1447 Saepenumero
925 1366 1038 1427 autem
1054 1362 1253 1427 hominibus

229 1472 280 1536 sic
312 1474 469 1538 tractatis
503 1474 603 1538 etiam
631 1478 738 1539 vestes
772 1477 891 1558 raptae
924 1477 1018 1539 sunt:
1053 1493 1093 1538 ao
1115 1473 1254 1537 iuvenes

232 1581 430 1649 Corinthios
464 1589 567 1650 noctu
598 1584 710 1650 aliena
742 1585 834 1651 bona
867 1586 933 1650 hoo
966 1584 1068 1649 modo
1103 1586 1255 1668 ereptum

232 1697 391 1759 exeuntes
415 1695 563 1779 castigat
584 1695 747 1781 Diphilus
772 1697 843 1780 (IV,
868 1700 929 1763 389
952 1717 1001 1762 vs.
1029 1700 1067 1762 12
1083 1700 1184 1781 sqq.):

316 1821 392 1902 „oo'x
422 1822 583 1904 ἐνδέχεται
612 1825 673 1909 γὰρ
705 1825 761 1908 ζῆν
790 1824 867 1888 ἄνευ
894 1826 992 1888 κακοῦ
1022 1847 1106 1897 τινος

316 1933 435 1997 τοῦτον·
461 1937 579 2018 συνίηςς
603 1934 675 1996 ἀλλ’
698 1933 881 2014 ἀναγκαίως
903 1934 966 2016 ἔχει

317 2043 336 2127 ἢ
357 2043 599 2110 λωποδυτεῖν
622 2047 689 2118 τὰς
712 2045 849 2120 νύκτας
871 2045 890 2130 ἢ
912 2049 1143 2127 τοιχωρυχεῖν.“

317 2172 531 2253 Quibuscum
559 2175 673 2240 verbis
701 2175 811 2239 oratio
839 2172 1000 2258 Lysitelis
1028 2170 1257 2236 adulescentis

230 2285 451 2350 Atheniensis
473 2286 609 2351 videtur
633 2285 846 2366 conferenda,
870 2286 930 2370 qui
953 2286 985 2349 et
1008 2283 1086 2348 aliis
1109 2283 1211 2348 rebus
1236 2302 1256 2345 a

230 2396 403 2481 plerisque
427 2397 628 2482 aequalibus
657 2416 693 2462 se
722 2396 857 2461 differre
883 2394 1073 2481 profitetur,
1109 2397 1141 2460 et
1164 2393 1255 2478 quod

234 2526 322 2585 „non
354 2513 458 2573 noctu
492 2513 546 2573 eat
579 2508 839 2574 obambulatum
865 2527 973 2593 neque
1001 2525 1103 2571 suum
1125 2506 1256 2569 adimat

233 2618 352 2683 alte1·i“
377 2620 484 2701 (Trin.
503 2621 589 2703 315).

316 2758 472 2841 Apparet
493 2759 601 2843 igitur
624 2758 826 2824 sententiam
848 2777 879 2820 v.
907 2759 966 2823 153
983 2775 1033 2840 sq.
1058 2774 1255 2838 expressam

232 2866 334 2932 etiam
359 2869 527 2933 comicum
551 2868 719 2934 Graecum
742 2867 870 2949 fingere
892 2867 1060 2951 potuisse:
1095 2866 1189 2950 quod
1212 2865 1256 2929 ad

232 2997 281 3043 vs.
301 2983 360 3045 155
377 2999 451 3065 sqq.
475 2981 605 3059 attinet,
630 2980 671 3044 do
695 2981 820 3064 quibus
844 2979 965 3043 adres
988 2997 1066 3042 vere
1081 2977 1256 3041 Romanas

232 3091 467 3175 spectantibus
500 3091 537 3154 in
570 3091 682 3175 prima
716 3090 817 3154 huius
841 3087 1137 3154 commentationis
1160 3093 1258 3170 parte

232 3202 367 3287 saepius
405 3203 510 3267 verba
546 3201 626 3280 leci,
670 3220 728 3266 eos
771 3204 873 3284 poeta
910 3203 970 3263 aut
1007 3199 1146 3263 omnino
1183 3197 1257 3281 ipse

233 3315 380 3397 aspersit
408 3317 467 3377 aut
493 3313 529 3377 in
553 3312 739 3397 exemplari
761 3312 879 3377 Attico
907 3309 1143 3375 transferendo
1171 3309 1256 3372 adeo

233 3427 392 3505 mutavit,
430 3429 468 3489 ut
505 3425 650 3508 originis
687 3424 862 3489 Romanae
900 3421 1050 3487 colorem
1086 3421 1256 3505 quendam

232 3556 314 3622 prae
337 3556 373 3602 se
394 3535 529 3602 ferrent.

317 3667 471 3732 Eandem
486 3666 529 3731 ad
545 3666 724 3731 hominum
740 3661 961 3730 scelestorum
978 3661 1258 3727 consuetudinem

231 3779 387 3844 homines
411 3782 515 3843 noctu
538 3795 720 3863 oppressos
736 3776 889 3841 vestibus
912 3773 1073 3859 privandi
1087 3773 1259 3857 pertinent

232 3889 406 3974 Amphitr.
430 3909 460 3953 v.
485 3892 562 3954 294:

324 4017 420 4097 „Illic
447 4017 550 4081 homo
578 4015 643 4079 hoc
666 4014 777 4078 denuo
799 4012 873 4076 volt
898 4011 1043 4096 pallium
1069 4010 1259 4089 detexere“;
