3256 4900
808 421 961 512 -64,

459 605 555 688 „Ego
578 603 636 688 pol
659 603 756 668 illum
780 604 928 669 ulciscar
949 603 1051 668 hodie
1074 603 1275 669 Thessalum
1298 624 1396 668 vene-

1239 713 1353 795 ficum,

458 825 518 910 qui
533 845 694 910 pervorse
716 825 932 910 perturbavit
946 825 1097 890 familiae
1119 834 1264 890 mentem
1282 830 1395 890 meae“

374 936 528 1015 afferam,
573 937 634 1002 ubi
675 941 777 1021 poeta
817 937 1012 1020 opinionem
1051 937 1224 1020 quandam
1262 938 1305 1001 ad
1342 957 1396 1002 res

372 1049 526 1133 privatas
560 1049 785 1132 pertinentem
817 1049 977 1132 respexit,
1012 1067 1098 1132 quae
1125 1047 1284 1112 similiter
1306 1049 1398 1132 apud

373 1164 556 1244 utrumque
577 1159 744 1243 populum
765 1163 892 1242 vagata
915 1162 995 1223 erat.
1066 1208 1067 1212 ,

459 1271 669 1356 Amphitruo
693 1271 783 1335 enim
805 1290 940 1335 summa
966 1271 1020 1335 ira
1042 1270 1201 1336 incensus
1225 1277 1398 1336 auctorem

375 1383 528 1449 omnium
566 1402 681 1448 rerum
719 1383 812 1448 domi
857 1387 1046 1467 gestarum,
1091 1401 1177 1466 quas
1213 1382 1288 1465 ipse
1324 1403 1399 1468 per·

375 1495 506 1579 spicere
528 1514 596 1559 uon
619 1494 778 1577 potuerit,
802 1494 957 1558 nominat
978 1491 1166 1557 veneficum
1188 1493 1398 1558 eThessalia

375 1606 568 1682 oriundum,
593 1605 690 1670 cuius
706 1604 837 1669 incolas
852 1603 1094 1668 veneficiorum
1109 1606 1142 1667 et
1164 1605 1398 1669 tantationum

376 1717 529 1782 omnium
551 1715 657 1781 fuisse
671 1715 900 1800 peritissimos
916 1718 1045 1780 veteres
1066 1714 1133 1779 sibi
1148 1719 1399 1798 persuaserant.

374 1830 428 1893 Ac
450 1825 591 1892 venefici
606 1825 761 1892 Thessali
784 1829 874 1890 artes
890 1826 1043 1910 magicas
1064 1824 1213 1891 colentes
1228 1827 1399 1911 imprimis

375 1937 500 2023 poeula
543 1937 711 2001 amatoria
755 1956 900 2021 coquere
947 1954 1048 2020 posse
1098 1936 1301 2002 dicebantur
1344 1936 1397 2020 (cf.

376 2049 497 2114 Horat.
516 2049 570 2114 cd.
591 2055 617 2128 1,
635 2052 685 2127 27,
703 2053 732 2127 2,
755 2049 816 2132 qui
834 2048 992 2112 universe
1007 2046 1161 2130 loquitur
1176 2049 1217 2112 de
1231 2050 1399 2133 portentis

378 2161 551 2228 Thessalis
575 2162 686 2246 (epist.
705 2165 734 2241 2,
757 2165 787 2241 2,
811 2161 898 2242 209).
937 2159 1090 2224 Maxime
1117 2163 1232 2224 autem
1254 2158 1402 2225 inclutae

377 2275 474 2338 erant
496 2292 601 2357 sagae
622 2271 815 2350 Thessalae,
849 2292 937 2357 quae
971 2292 1048 2337 cum
1082 2272 1191 2336 multa
1213 2272 1282 2336 alia
1304 2292 1402 2337 vene-

376 2382 464 2449 ficiis
498 2383 570 2448 suis
605 2382 735 2448 efficere
768 2385 842 2447 tum
876 2381 992 2446 lunam
1028 2384 1069 2448 de
1103 2382 1196 2448 caelo
1224 2383 1402 2448 detrahere

377 2513 478 2579 pesse
510 2495 722 2578 putabantur
756 2493 810 2570 (cf.
839 2493 924 2558 Hor.
958 2494 1053 2578 epod.
1078 2500 1107 2574 5,
1131 2499 1187 2574 453
1222 2494 1401 2578 Aristoph.

377 2607 465 2671 Nub.
492 2611 567 2684 7493
594 2606 680 2670 Plat.
698 2604 803 2689 Gorg.
828 2610 889 2670 513
913 2606 955 2669 A.
979 2605 1051 2687 al.):
1077 2625 1117 2670 ac
1138 2604 1292 2670 fabulam
1314 2625 1402 2690 quae

380 2715 522 2799 Θετταλὴ
550 2717 762 2797 inscribitur,
785 2717 973 2782 Menander
999 2717 1201 2801 composuit,
1229 2737 1298 2802 qua
1320 2719 1402 2802 quid

378 2828 617 2904 contineretur,
641 2826 773 2892 Plinius
797 2827 853 2906 (H.
869 2827 910 2891 N.
928 2830 978 2907 30,
996 2831 1027 2910 2)
1050 2829 1214 2892 narravit.

464 2937 637 3020 Quoniam
669 2938 778 3023 igitur
811 2939 852 3003 de
885 2939 930 3004 iis
963 2939 1049 3004 locis
1083 2940 1239 3019 disserui,
1277 2940 1399 3026 quibus

378 3072 466 3137 quae
482 3057 803 3130 commemorantur,
826 3070 887 3135 per
901 3069 938 3116 se
960 3051 1037 3135 ipsa
1054 3053 1086 3115 et
1108 3050 1151 3114 ad
1167 3051 1399 3116 Romanorum

379 3169 412 3229 et
434 3165 478 3228 ad
501 3163 712 3230 Graecorum
733 3163 840 3228 vitam
862 3163 1034 3246 privatam
1057 3161 1226 3246 pertinere
1248 3164 1402 3247 possunt,

379 3296 471 3341 nuuc
507 3295 610 3361 agam
647 3276 688 3340 de
724 3275 783 3355 iia,
825 3274 886 3339 ubi
922 3273 1007 3338 talia
1044 3272 1244 3353 afferuntur,
1287 3255 1405 3358 qualia

379 3387 559 3471 utriusque
581 3386 701 3471 populi
720 3386 756 3450 in
779 3386 851 3450 vita
866 3384 1005 3468 publica
1027 3384 1062 3448 in
1078 3405 1144 3450 usu
1167 3388 1277 3449 erant:
1301 3388 1404 3470 atque

379 3498 543 3582 incipiam
566 3519 586 3562 a
608 3499 710 3563 rebus
734 3497 778 3561 ad
800 3496 999 3580 religionem
1024 3496 1267 3581 spectantibus.

465 3609 656 3674 Alcumena
690 3629 711 3673 a
745 3609 889 3692 coniuge
922 3608 1130 3685 discessura,
1165 3627 1243 3672 cum
1276 3605 1403 3671 nullius

380 3719 448 3785 sibi
471 3719 590 3805 cnlpae
618 3720 755 3785 conseia
778 3719 833 3797 sit,
867 3719 1050 3784 comitibus
1074 3719 1117 3784 ab
1152 3738 1190 3783 eo
1214 3718 1303 3783 datis
1338 3716 1404 3783 sibi

381 3849 467 3915 opus
483 3849 556 3895 esse
575 3833 688 3915 negat,
712 3830 794 3915 quia
809 3830 1015 3894 Pudicitiam
1039 3830 1136 3894 deam
1157 3849 1271 3895 secum
1288 3832 1404 3895 ducat:

466 3963 497 4006 v.
522 3946 599 4008 930:
623 3942 804 4020 „comitem
827 3941 913 4005 mihi
934 3941 1141 4006 Pudicitiam
1165 3942 1325 4006 duxero.“

468 4054 597 4118 Romae
620 4053 810 4118 Pudicitiae
833 4057 867 4118 et
888 4053 1054 4137 patriciae
1077 4053 1161 4135 (Liv.
1182 4057 1230 4131 10,
1248 4057 1298 4132 23,
1316 4054 1348 4135 5)
1372 4055 1405 4117 et
