3256 4900
661 403 814 494 „pa-

313 585 397 650 Inde
426 604 503 650 cras
537 586 637 670 quasi
664 606 682 650 e
708 584 923 670 promptaria
953 584 1038 650 cella
1072 585 1255 671 depromar

984 697 1027 761 ad
1050 697 1209 778 flagrum,

315 808 404 889 „Nec
439 827 578 873 causam
612 807 714 873 liceat
748 809 860 874 dicere
887 808 973 873 mihi
1001 828 1110 894 neque
1136 810 1172 872 in
1196 827 1253 874 ero

808 920 993 1006 quicquam
1016 920 1124 985 auxili
1146 920 1212 986 siet

318 1030 388 1096 Nec
411 1031 594 1116 quisquam
618 1031 664 1122 sit
686 1031 769 1117 quin
791 1052 844 1096 me
877 1030 1014 1118 <malo>
1043 1051 1161 1097 omnes
1185 1050 1258 1096 esse

872 1143 1014 1228 dignum
1039 1143 1210 1228 deputent.

315 1253 370 1318 Ita
393 1253 493 1337 quasi
525 1253 682 1318 incudem
710 1274 764 1318 1115
797 1255 962 1320 miserum
988 1255 1145 1320 homines
1178 1255 1255 1320 octo

910 1365 1017 1430 validi
1040 1367 1211 1430 caedant“

314 1475 372 1540 Illi
393 1479 463 1542 tres
479 1476 545 1541 viri
561 1478 642 1542 sunt
656 1476 892 1542 Romanorum
907 1479 977 1542 tres
997 1476 1064 1542 viri
1081 1476 1255 1561 capitales

230 1587 291 1673 qui
317 1606 435 1653 servos
469 1608 616 1674 nequam
651 1589 694 1654 ab
729 1590 805 1654 ecto
829 1588 1019 1668 lictoribus
1054 1588 1095 1653 de
1128 1587 1255 1673 quibus

230 1698 309 1763 vide
330 1699 428 1764 Asin.
447 1703 518 1765 564.
533 1705 616 1780 574,
638 1699 758 1785 flagris
777 1701 966 1766 caedendos
983 1701 1159 1766 curabant.
1198 1696 1254 1781 (cf.

232 1810 317 1875 Hor.
341 1812 437 1895 epod.
462 1816 567 1892 4,11;
602 1809 714 1877 Schol.
741 1808 810 1878 Cic.
835 1812 903 1876 dir.
926 1811 961 1875 in
986 1809 1109 1877 Caecil.
1137 1815 1185 1890 16,
1202 1814 1258 1875 50:

234 1919 344 2000 „fures
365 1925 398 1985 et
417 1941 535 1987 servos
551 1941 707 2006 nequam,
729 1922 788 2007 qui
804 1922 895 2006 apud
911 1922 1075 1987 tresviros
1093 1920 1257 2005 capitales

234 2032 324 2116 apud
349 2031 544 2097 columnam
566 2033 738 2098 Maeniam
761 2033 879 2118 puniri
901 2033 1061 2114 solent“.)

318 2142 436 2208 Aliam
458 2163 612 2229 poenam¹
631 2143 802 2210 crudelem
829 2143 1038 2228 Amphitruo
1065 2144 1176 2207 iratus
1199 2141 1260 2208 So-

234 2253 315 2334 siae,
350 2254 446 2319 cuius
475 2255 568 2320 dicta
594 2255 787 2340 perspicere
819 2275 888 2319 non
914 2253 1074 2339 potuerit,
1108 2253 1261 2317 minatur

235 2365 281 2448 (v.
299 2369 360 2431 556
373 2367 437 2451 sq.)

322 2476 412 2555 „iam
434 2477 571 2562 quidem
594 2477 707 2543 hercle
734 2497 798 2563 ego
821 2477 887 2543 tibi
909 2477 1012 2542 istam

321 2585 515 2669 Scelestam,
538 2588 660 2668 scelus,
683 2589 836 2673 linguam
862 2588 1069 2655 abscidam.“

320 2698 484 2764 Eiusdem
506 2700 634 2764 mentio
657 2698 697 2764 fit
720 2720 740 2764 a
762 2700 884 2764 Plauto
907 2699 980 2765 Mil.
998 2702 1075 2766 318:

325 2822 412 2890 ,non
435 2813 472 2875 tu
494 2811 560 2877 tibi
575 2810 678 2877 istam
693 2811 931 2897 praetruncari
946 2810 1099 2894 linguam
1121 2806 1262 2893 largilo-

954 2940 1057 3006 quam
1080 2918 1218 2985 iubes?“

322 3033 401 3097 Aul.
422 3035 496 3100 189:
522 3033 625 3119 ,quoi
647 3053 711 3119 ego
731 3034 800 3099 iam
823 3032 978 3117 linguam
995 3030 1190 3116 praecidam
1214 3032 1263 3093 at·

683 3165 749 3231 que
772 3143 889 3210 ocules
913 3142 1071 3208 effodiam
1095 3140 1219 3205 domi.“

324 3254 403 3321 Aul.
421 3260 498 3322 250:
534 3255 592 3336 ,Si
625 3256 738 3322 hercle
767 3275 830 3340 ego
858 3258 891 3320 te
917 3273 987 3319 non
1020 3251 1264 3336 elinguandam

663 3369 787 3433 dedero
809 3386 918 3452 usqne
941 3366 985 3431 ab
1008 3363 1220 3441 radicibus“;

240 3489 273 3552 et
295 3505 315 3550 a
335 3484 499 3552 Cicerone
522 3480 818 3568 (precinentes,
837 3481 927 3560 181);
953 3496 1052 3557 „nam
1068 3473 1264 3540 Stratonem

239 3597 387 3684 quidem,
410 3595 552 3673 iudices,
572 3593 607 3657 in
624 3611 759 3657 crucem
774 3609 847 3655 esse
863 3592 977 3654 actum
993 3589 1128 3652 exsecta
1143 3585 1265 3652 scitote

238 3710 387 3795 lingua“
435 3705 485 3773 cf.
510 3706 612 3771 etiam
637 3703 792 3770 Catullus
816 3701 904 3784 (108,
921 3702 1034 3785 3sq.):

328 3840 417 3901 ,nen
459 3819 615 3905 equidem
660 3815 780 3881 dubito
818 3813 902 3899 quin
938 3812 1089 3897 primum
1125 3806 1267 3873 inimica

1052 3921 1223 3986 bonorum

327 4043 448 4126 lingua
471 4043 589 4106 execta
611 4038 713 4104 avido
737 4037 782 4102 sit
805 4037 886 4100 data
908 4033 1089 4100 volturio.“
