3256 4900
664 370 817 461 *ie—

227 573 295 618 n0n
310 552 423 619 solum
438 553 608 618 maiorum
623 552 740 618 vultus
757 540 835 617 cera
854 572 1043 637 expressos,
1067 556 1126 620 sed
1149 557 1252 621 etiam

126 653 128 657 ⁸
226 666 336 751 ipsius
360 663 512 730 defuncti
533 665 718 749 imaginem
733 664 948 750 praeferendi
970 665 1024 748 (cl‘.
1043 664 1133 732 Suet.
1151 666 1251 753 Vesp.

229 782 283 856 193
307 777 380 841 Liv.
405 776 482 861 epit.
507 778 563 854 483
587 775 671 840 Hor.
688 776 785 860 epod.
811 779 841 855 8,
869 783 921 855 113
944 776 1063 862 Polyb.
1089 781 1117 857 6,
1143 781 1193 858 53,
1217 783 1251 859 63

229 886 364 954 Ciuile
391 889 475 951 orat.
506 887 551 966 ΙΙ,
580 891 630 966 55,
660 891 722 953 225
746 887 806 968 al.)
863 885 1020 967 Quocum
1052 889 1128 954 loeo
1163 909 1253 955 eom-

227 1000 402 1084 parandus
427 1001 477 1063 est
499 997 648 1064 Mostell
672 1019 702 1062 v.
727 1002 789 1063 427
806 1019 872 1085 sq.:

317 1135 451 1214 „Ludos
474 1152 537 1219 ego
561 1134 663 1199 hodie
688 1134 764 1199 vive
787 1136 959 1220 praesenti
981 1135 1063 1201 huie
1086 1137 1160 1201 seni

316 1245 469 1310 Faciam:
493 1229 590 1331 quod'
609 1246 710 1311 credo
733 1249 870 1310 mortuo
893 1265 1080 1329 numquam
1102 1245 1204 1312 fore.“

318 1379 430 1448 Simili
460 1382 536 1448 ioco
570 1382 733 1467 ambiguo
773 1402 813 1447 ae
845 1382 984 1447 scurrili
1017 1380 1117 1448 Sosia
1150 1385 1253 1450 etiam

233 1513 324 1557 eram
350 1493 479 1558 irridet.
525 1493 714 1559 Alcumena
747 1493 837 1558 enim
871 1493 944 1558 eius
971 1495 1193 1578 protervitate
1221 1500 1253 1562 et

229 1603 441 1690 impudentia
468 1605 671 1670 exacerbata
698 1624 729 1668 1.
760 1609 821 1669 721
842 1623 891 1689 sq.
927 1604 959 1668 ei
991 1605 1121 1670 malum
1154 1607 1253 1672 mini-

229 1718 302 1780 tata
324 1717 411 1779 erat:

316 1825 463 1906 „Verum
500 1829 537 1891 tu
575 1825 705 1891 malum
738 1846 904 1911 magnum
938 1827 1091 1908 habebiS,
1129 1829 1160 1895 si
1196 1830 1254 1897 hie

818 1956 917 2002 suom
940 1935 1090 2002 officium
1112 1937 1208 2004 facit:

314 2048 367 2115 Ob
403 2048 494 2114 istuc
535 2068 649 2130 omen,
696 2049 882 2128 ominator,
924 2048 1038 2132 capies
1086 2051 1178 2134 qued
1219 2054 1252 2116 te

1018 2161 1208 2226 condecet.“

314 2272 377 2338 Ille
399 2276 512 2338 autem
535 2293 643 2357 usque
667 2292 705 2336 eo
729 2271 893 2336 audaciae
909 2271 1138 2356 progreditur,
1161 2275 1200 2336 ut
1222 2272 1254 2338 ei

229 2403 327 2488 paria
349 2403 491 2488 paribus
513 2403 748 2467 remuneretur
769 2421 800 2464 v.
826 2403 888 2465 723
904 2418 970 2486 sq.:

317 2532 427 2612 „enim
447 2551 527 2597 vero
543 2530 725 2616 praegnati
740 2532 876 2615 eportet
898 2534 930 2594 et
949 2528 1070 2593 malunt
1086 2532 1120 2593 et
1132 2528 1253 2595 melum

902 2619 906 2625 ⁸
1126 2641 1211 2721 dari,

315 2758 354 2819 ut
394 2754 487 2839 quod
531 2753 678 2818 obrodat
714 2752 770 2832 sit,
815 2751 931 2817 animo
976 2751 1006 2816 si
1050 2750 1139 2816 male
1180 2770 1253 2817 esse

1010 2861 1209 2946 occeperit.“

316 2976 382 3043 Sed
415 2997 457 3042 ne
483 2997 574 3042 nune
606 2975 748 3061 quidem
780 2974 957 3040 verniliter
987 2973 1129 3038 ludendi
1156 2993 1253 3038 ecca·

230 3089 360 3153 sionem
386 3089 630 3175 praetermittit
656 3091 795 3173 optans,
829 3089 868 3150 ut
897 3105 974 3150 erae
1007 3087 1143 3169 praeter
1167 3083 1253 3149 illud

232 3199 399 3281 „malum“
425 3199 518 3264 aliud
548 3199 715 3279 „malum“
740 3199 847 3276 detur,
875 3197 913 3261 id
935 3199 987 3262 est
1009 3194 1158 3275 1111111,
1185 3215 1254 3280 qua

229 3310 389 3376 mulieres
411 3315 625 3397 praegnates,
654 3329 740 3395 quas
765 3307 899 3373 animus
923 3306 1116 3372 defecturus
1138 3305 1253 3371 videa-

229 3426 295 3503 tur,
318 3423 467 3488 reereari
489 3423 630 3489 soleant.
679 3423 789 3486 Antea
813 3422 926 3484 autem
951 3437 1046 3514 voce:
1083 3416 1251 3497 „malnm‘⁴

230 3532 498 3620 significaverat:
524 3533 671 3614 „malam
693 3536 797 3599 rem“.

316 3646 386 3710 Nec
412 3646 526 3711 minus
554 3644 715 3730 ambigue
742 3664 783 3710 ae
808 3641 929 3708 festive
955 3640 1160 3720 MercuriuS,
1195 3641 1255 3726 qui

231 3755 349 3822 Sosiae
371 3755 483 3820 forma
502 3755 643 3820 indutus
667 3755 770 3819 etiam
796 3753 870 3818 eius
893 3753 1053 3816 naturam
1079 3769 1119 3815 ac
1141 3769 1253 3816 mores

230 3868 395 3948 imitatur,
418 3867 591 3932 interdum
613 3866 776 3951 loquitur.
822 3866 875 3929 Ac
897 3883 927 3926 v,
951 3864 1028 3928 353:

317 3981 386 4059 ,At
407 3997 497 4044 nunc
519 3978 578 4044 abi
602 3997 693 4057 sane,
717 3975 897 4040 advenisse
919 3971 1107 4038 familiares
1128 3971 1252 4038 dieit0“

1016 4090 1051 4145 ᾗ*
