3256 4900
664 432 818 526 *or—

315 613 379 693 ,Ex
407 614 462 680 his
485 615 601 680 altera.
622 618 714 702 apud
743 615 867 684 Graios
891 617 1071 703 Cynosura
1099 624 1250 703 vocatur,

316 726 425 790 altera
447 727 574 792 dicitur
597 748 670 793 esse
695 728 840 809 Helioe‘;

231 835 328 902 ouius
352 838 491 923 quidem
514 839 725 906 clarissimas
749 840 866 906 stellas
889 841 972 907 totis
1000 842 1159 909 noctibus
1182 863 1253 909 oer-

231 948 359 1014 nimus:

317 1080 424 1145 „quas
448 1063 557 1128 nostri
579 1067 693 1145 septem
716 1063 811 1129 soliti
834 1064 985 1129 vocitare
1012 1064 1174 1130 Triones,“

315 1171 478 1258 Idemque
500 1194 624 1240 nomen
647 1175 750 1240 etiam
772 1195 873 1241 ursae
896 1175 1022 1240 minori
1037 1177 1187 1242 inditum
1203 1181 1254 1244 est

232 1281 288 1365 (of.
304 1284 460 1368 Heynius
484 1286 528 1350 ad
550 1287 652 1371 Verg.
670 1284 793 1371 Georg.
810 1287 872 1366 ΙΙΙ,
897 1289 973 1366 381;
999 1283 1068 1352 Cio.
1085 1287 1106 1350 l.
1123 1306 1149 1352 s.
1167 1307 1193 1353 s.
1209 1289 1254 1370 Π,

234 1398 284 1474 43,
311 1397 401 1478 111);
429 1398 619 1477 „Minorem
648 1402 761 1462 autem
785 1395 1068 1483 Septemtrionem
1098 1396 1253 1483 Cepheus

233 1508 346 1591 passis
368 1507 492 1591 palmis
516 1528 537 1572 a
559 1512 656 1592 tergo
680 1509 916 1593 subsequitur:

318 1620 493 1704 „Namque
519 1620 632 1704 ipsum
661 1620 705 1684 ad
731 1624 868 1702 tergum
891 1616 1090 1703 Cynosurae
1112 1620 1257 1685 vertitur

1083 1732 1213 1797 Aroti.“

317 1842 493 1908 Postremo
527 1845 567 1907 ut
599 1843 690 1928 apud
717 1843 919 1926 Euripidem
946 1840 1057 1904 Νύκτα
1085 1842 1127 1921 (v.
1148 1844 1255 1927 1150),

232 1952 281 2017 ita
303 1955 393 2038 apud
409 1953 571 2019 Plautum
586 1955 730 2019 Noctem
753 1955 851 2018 deam
874 1956 1009 2038 praeter
1030 1954 1147 2018 stellas
1164 1975 1256 2019 oom-

233 2066 415 2131 memorari
437 2085 506 2130 uon
521 2067 642 2131 tacebo
665 2068 710 2147 (v.
728 2069 819 2144 aral:
844 2064 1052 2149 eandemque
1068 2064 1257 2149 alloquitur

236 2196 266 2242 v.
285 2180 346 2242 ‘277
363 2196 428 2262 sq:

317 2290 454 2374 „Perge
471 2308 549 2368 noX,
566 2292 604 2353 ut
619 2289 797 2373 occepisti:
815 2308 894 2372 gere
909 2287 1001 2372 patri
1015 2306 1146 2358 morem
1162 2306 1253 2351 meo:

320 2399 470 2486 Optumo
505 2405 642 2485 optume
666 2402 842 2485 optumam
866 2418 1006 2484 operam
1028 2400 1104 2477 das,
1138 2400 1254 2463 datam

942 2509 1060 2595 pulcre
1082 2509 1213 2588 looas“;

234 2627 267 2689 et
288 2643 318 2688 r.
337 2627 398 2690 548
415 2643 480 2709 sq:

318 2737 454 2820 „Atque
469 2738 608 2821 quanto,
625 2754 704 2815 nox,
728 2733 825 2800 fuisti
840 2733 979 2818 longior
993 2733 1059 2798 hac
1073 2752 1253 2818 proxuma,

319 2847 428 2911 Tanto
450 2847 589 2912 brevior
612 2847 685 2912 dies
708 2850 748 2911 ut
768 2845 831 2910 fiat
852 2844 1009 2911 faciam.“

318 2957 426 3022 Venio
449 2977 540 3022 nuno
567 2957 611 3022 ad
634 2957 718 3022 haec
741 2954 861 3022 Sosiae
894 2975 1002 3034 eram,
1036 2974 1140 3040 quam
1168 2974 1258 3020 som-

233 3070 347 3136 niasse
370 3073 492 3148 censet,
517 3069 724 3154 alloquentis
747 3069 853 3134 verba
876 3067 919 3150 (v.
937 3071 999 3133 739
1015 3067 1096 3150 sq.):

320 3179 418 3261 „Sed
445 3179 577 3260 mulier,
604 3181 789 3264 postquam
816 3175 1050 3262 experrecta’S,
1081 3180 1114 3240 te
1139 3175 1257 3260 prodi-

1036 3287 1120 3372 giali
1142 3286 1217 3351 lovi

320 3405 393 3468 Ant
431 3401 537 3466 mola¹
561 3400 655 3466 salsa
687 3400 789 3464 hodie
818 3402 878 3463 aut
910 3401 985 3463 ture
1020 3402 1257 3482 oonpreoatam

1033 3509 1216 3593 oportuit.“

321 3624 390 3705 Qui
416 3623 528 3703 loeus,
563 3623 604 3687 de
637 3641 706 3706 quo
740 3621 810 3685 iam
844 3640 950 3705 supra
976 3621 1116 3704 propter
1138 3618 1256 3683 verba:

237 3735 349 3816 „salsa
371 3734 481 3799 mola“
508 3735 550 3813 (v.
568 3733 642 3815 740)
671 3733 807 3797 loeutus
835 3750 925 3811 sum,
961 3731 1059 3795 docet
1086 3730 1257 3814 quomodo

235 3849 335 3931 poeta
349 3847 492 3912 vooibus
509 3845 726 3930 quibusdam,
748 3863 835 3929 qnae
858 3843 902 3907 ad
921 3862 975 3907 res
991 3861 1069 3906 vere
1084 3841 1257 3906 Romanas

233 3961 399 4042 spectant,
423 3957 565 4022 adiectis
588 3955 794 4021 sententiam
828 3972 914 4038 quae
947 3971 1009 4037 per
1043 3971 1078 4016 se
1111 3951 1189 4036 ipsa
1214 3969 1256 4015 ex

236 4067 392 4153 exemplo
415 4068 532 4133 Attioo
556 4069 693 4150 sumpta
716 4084 789 4131 esse
811 4067 938 4149 potest,
973 4063 1016 4127 ad
1038 4061 1258 4147 popularium

1021 4181 1054 4234 5*
