3256 4900
811 423 965 516 Ἥοι-

375 610 516 696 ingenia
531 607 850 674 accommodaverit.
889 608 1006 692 Neque
1021 607 1112 670 enim
1135 606 1165 672 si
1180 605 1276 671 illam
1292 606 1399 671 solam

375 722 589 807 respicimus
612 719 684 784 ulla
707 718 775 783 alia
797 718 971 783 sollertiae
993 717 1172 783 Plautinae
1194 717 1342 802 vestigia
1363 717 1399 781 in

376 835 431 900 his
454 831 611 897 versibus
634 830 766 909 insunt,
800 815 964 914 quoniam
999 830 1053 894 dei
1081 829 1261 893 cuiusdam
1288 827 1399 893 cultus

376 942 542 1010 Romanis
577 938 818 1031 cumGraecis
853 941 1043 1005 communis
1078 943 1111 1005 et
1143 941 1231 1004 ritus
1258 939 1399 1024 quidam

377 1055 560 1139 religiosus
584 1055 908 1131 commemorantur,
936 1053 996 1137 qui
1019 1053 1198 1137 utriusque
1221 1051 1341 1136 populi
1362 1052 1400 1116 in

377 1185 478 1232 usum
499 1167 656 1249 receptus
679 1167 739 1228 est.
784 1165 899 1248 Atque
920 1163 1111 1228 Alcumena
1132 1183 1152 1227 a
1174 1161 1319 1228 Sosiam
1337 1165 1398 1229 739

376 1277 452 1342 Iovi
483 1274 672 1362 prodigiali
705 1273 901 1339 sacrificare
933 1274 1071 1339 iubetur
1104 1272 1161 1356 (cf.
1183 1273 1397 1340 Hubrichius

377 1388 398 1453 l.
415 1407 441 1454 s.
458 1407 484 1453 s,
500 1406 532 1472 p.
554 1388 620 1468 ll):
643 1385 803 1469 idemque
827 1384 910 1450 deus
933 1385 969 1448 in
985 1383 1096 1449 titulis
1112 1384 1245 1450 Latinis
1262 1385 1398 1470 saepius

376 1498 531 1583 Iuppiter
554 1496 726 1581 Depulsor
749 1496 861 1561 dictus
888 1499 948 1561 est.
993 1496 1121 1560 Verum
1151 1496 1253 1560 etiam
1277 1494 1400 1562 Graeci

377 1610 452 1675 Iovi
480 1608 609 1674 similia
640 1607 847 1692 cognomina
879 1606 1091 1686 indiderunt3
1126 1627 1166 1672 ac
1194 1607 1399 1673 Plutarchus

378 1721 474 1804 (adv.
499 1718 602 1786 Stoic.
627 1720 688 1800 33)
722 1717 878 1783 nominat
904 1720 970 1779 Ata
1004 1717 1192 1791 ἀλεξίκακον
1197 1747 1208 1795 ,·
1242 1720 1401 1785 similiter

377 1832 549 1898 Lucianus
572 1832 638 1891 Aia
660 1828 884 1913 ἀποτρόπαιον
906 1830 1020 1913 (Alex.
1038 1833 1087 1914 4):
1122 1831 1268 1896 fortasse
1297 1832 1398 1896 etiam

378 1944 443 2009 hoo
464 1962 603 2008 nomen:
637 1941 717 2013 Ζεὺς
740 1938 912 2021 τεράστιος,
947 1943 1040 2026 quod
1064 1943 1156 2027 apud
1179 1944 1322 2008 eundem
1345 1943 1399 2009 bis

377 2056 478 2134 (Tim.
501 2059 556 2132 413
592 2053 684 2118 deor.
708 2052 788 2116 dial.
813 2055 868 2130 20,
894 2055 946 2135 11)
979 2052 1120 2138 legitur,
1155 2053 1223 2119 huc
1256 2053 1401 2119 referen-

377 2169 459 2232 dum
482 2168 542 2230 est.

463 2275 565 2356 Quod
589 2278 703 2340 autem
726 2276 771 2340 ad
792 2275 892 2340 illum
914 2274 1021 2340 ritum
1042 2275 1243 2358 religiosum
1268 2276 1398 2356 attinet,

377 2388 514 2473 saepius
537 2386 685 2452 Romani
719 2390 823 2452 noctu
856 2386 1000 2453 somniis
1035 2387 1150 2452 vexati
1183 2391 1321 2472 postero
1345 2388 1399 2453 die

376 2498 608 2584 precationem
630 2499 664 2561 et
684 2496 855 2562 sacrificia
875 2496 1042 2576 fecerunt,
1076 2500 1114 2561 ut
1141 2498 1195 2561 dei
1218 2519 1399 2584 quaecum-

376 2629 442 2695 que
463 2608 625 2693 prodigia
646 2609 683 2671 in
706 2609 850 2673 somniis
873 2609 949 2673 visa
972 2612 1099 2688 essent,
1135 2629 1155 2672 a
1178 2629 1215 2674 se
1238 2631 1400 2675 averrun-

377 2722 494 2784 carent
515 2717 572 2801 (of.
589 2717 713 2784 Tibull.
730 2719 757 2796 I,
781 2723 810 2798 5,
837 2722 890 2798 133
914 2719 977 2794 lli,
994 2724 1023 2797 4,
1042 2725 1074 2794 73
1097 2718 1209 2785 Plaut.
1231 2721 1304 2786 Mil.
1323 2726 1399 2798 394;

378 2828 477 2894 Cure.
494 2834 558 2896 270
573 2848 663 2913 sqq‚;
698 2828 904 2895 Sohusterus
927 2830 947 2892 l.
965 2849 991 2896 s.
1009 2850 1034 2895 s.
1052 2851 1084 2914 p.
1102 2833 1165 2913 60).
1214 2832 1285 2898 Nec
1318 2852 1398 2898 vero

377 2941 478 3005 aliter
500 2939 623 3006 Graeci
646 2958 682 3005 se
717 2941 889 3025 gerebant,
923 2942 1229 3028 quotienscumque
1252 2944 1288 3008 in
1312 2963 1400 3009 som-

376 3053 429 3117 nis
463 3052 604 3137 aliquod
637 3051 836 3137 prodigium
869 3056 1066 3137 portentum
1099 3055 1182 3133 erat,
1219 3055 1317 3120 onius
1350 3055 1400 3121 rei

376 3164 472 3229 testis
495 3167 547 3230 est
568 3163 763 3247 Aeschylus
787 3163 892 3247 (Pers.
910 3168 968 3232 201
987 3173 1091 3250 sqq.):

462 3283 558 3362 „inei
591 3280 621 3344 δ’
655 3283 791 3366 α’νέστην
823 3284 877 3344 καὶ
910 3295 1015 3368 χεροῖν
1048 3282 1235 3369 καλλιρρόου

461 3383 593 3468 ἔψαυσα
625 3387 739 3469 πηγῆς,
774 3386 834 3450 σὺν
865 3385 1022 3471 θυηπόλῳ
1049 3389 1116 3467 χερὶ

460 3489 571 3567 βωμὸν
593 3492 777 3571 προσέστην,
811 3487 1067 3573 ἀποτρόποισι
1094 3487 1279 3571 δαίμοσιν

460 3588 604 3653 θέλουσα
629 3591 733 3654 θῦσαι
756 3590 908 3667 πέλανον,
936 3588 982 3655 ὦν
1009 3591 1080 3675 τέλη
1105 3592 1214 3656 ιάδε.“

459 3718 505 3783 Et
527 3719 675 3783 maxime
698 3719 826 3785 talibus
854 3721 1027 3786 ominibus
1056 3719 1217 3787 infaustis
1242 3722 1399 3807 acceptis,

375 3832 413 3894 ut
434 3830 545 3895 Persii
567 3829 709 3895 vocibus
734 3832 777 3908 (2,
804 3831 856 3913 16)
879 3834 971 3907 utar,
1002 3837 1141 3912 „noaem
1161 3833 1299 3914 tironiae
1320 3853 1400 3918 pur-

376 3941 523 4024 gabant“
551 3939 591 4005 of.
620 3941 798 4024 Aristoph.
820 3941 905 4005 Rau.
928 3946 1008 4008 1339
1025 3962 1080 4026 sq3
1111 3944 1225 4028 Apoll.
1243 3944 1352 4010 Rhod.
1370 3948 1399 4022 4,

375 4056 451 4131 6603
477 4052 576 4116 Philo
600 4055 640 4117 de
663 4052 807 4118 sacrific.
832 4057 894 4120 848
919 4053 954 4118 C.
980 4055 1022 4118 al.
