3256 4900
375 588 524 668 pertinet
561 596 604 660 ad
646 598 744 663 illum
787 616 917 664 morem
958 595 994 660 in
1034 592 1211 658 funeribus
1254 588 1404 654 defuncti

375 703 562 790 imaginem
584 707 808 791 praeferendi,
832 710 874 775 de
896 707 1055 793 quoiam
1079 720 1185 788 supra
1199 701 1306 766 verba
1326 698 1400 765 feci.

462 818 632 904 Deinceps
655 841 686 885 v.
703 825 780 889 368:

465 929 594 1008 „Immo
629 932 784 1017 equidem
807 931 935 1001 tunicis
969 928 1122 995 consutis
1150 927 1219 991 huc
1247 923 1402 1002 advenio,

1156 1057 1226 1102 non
1249 1035 1358 1101 dolis“

376 1150 511 1216 tunicae
540 1157 861 1219 commemorantur.
908 1151 1015 1218 Cuius
1038 1152 1273 1216 Romanorum
1300 1145 1401 1212 1551-

374 1262 480 1326 menti
503 1283 572 1328 non
594 1284 673 1331 raro
697 1267 787 1351 apud
812 1265 973 1330 Plautum
1000 1263 1128 1328 mentio
1157 1259 1210 1324 fit:
1247 1257 1399 1340 „trrrrico“

373 1371 473 1456 Epid.
491 1377 562 1440 230.
580 1380 651 1442 725.
675 1376 874 1442 Τ1111.1154.
892 1375 1013 1441 Pseud.
1032 1377 1103 1440 738.
1120 1373 1212 1437 Ρ515.
1232 1375 1304 1437 155.
1327 1367 1400 1435 Μ11.

378 1487 474 1562 1483;
509 1486 696 1566 ,,111111’51115“
721 1488 808 1552 Rud.
831 1491 908 1565 5493
944 1486 1053 1568 „bom
1081 1483 1275 1562 trraicctns“,
1299 1481 1400 1546 Poen.

378 1599 475 1675 11213
500 1597 674 1675 „tunicae“
694 1597 862 1664 Α111.647.
887 1598 979 1663 Ρ515.
997 1600 1068 1664 363.
1093 1596 1282 1661 Poenam.
1309 1593 1401 1658 1998.

380 1710 470 1773 1303.
495 1707 568 1772 Mil.
587 1711 660 1774 687.
695 1707 787 1773 Voce
813 1709 967 1788 „tunica“
984 1707 1038 1772 vel
1063 1706 1236 1787 ,tunicae“
1254 1702 1403 1788 plerum·

377 1837 443 1902 que
458 1818 625 1883 utitur'ad
641 1819 848 1883 reddendum
866 1817 1071 1884 vocabulum
1089 1816 1223 1897 „gerulfi
1241 1815 1276 1878 in
1293 1833 1403 1878 exem-

377 1927 468 2013 plari
485 1927 616 1995 Graeco
639 1930 790 2015 positum
814 1929 869 2014 (cf.
886 1931 1079 2014 Wagnerus
1103 1929 1147 1994 ad
1162 1927 1241 1993 Aul.
1255 1929 1285 2005 4,
1301 1930 1331 2005 4,
1348 1929 1400 2004 203

376 2036 613 2106 Steinhoffius:
639 2040 816 2126 ,Prolegg
834 2063 876 2106 zu
891 2039 1045 2105 Plautus’
1062 2039 1292 2124 Amphitruo“
1317 2056 1349 2122 p.
1366 2035 1402 2101 Il

375 2168 492 2234 progr.
516 2151 622 2216 schol.
652 2152 907 2237 Blankenburg.
935 2155 1015 2218 1879
1049 2171 1126 2236 pag.
1156 2152 1201 2232 5).
1250 2147 1401 2214 Pluralis

379 2260 553 2338 ,tunicae“
579 2261 623 2326 ab
640 2261 719 2326 aliis
735 2260 835 2326 aliter
849 2261 1049 2347 explicatur.
1088 2263 1202 2345 Atque
1219 2259 1402 2343 Ussingius

376 2371 461 2436 satis
477 2370 586 2437 multa
601 2372 755 2457 exempla
772 2371 914 2438 afferens
930 2373 977 2457 (p.
992 2373 1070 2456 273)
1092 2373 1192 2450 recte,
1214 2371 1401 2455 1115511151,

374 2484 474 2566 putat
494 2486 632 2567 poetam
658 2481 910 2566 significavisse
935 2491 1065 2549 morem
1092 2484 1287 2548 Romanum
1314 2482 1400 2546 duas

271 2614 274 2619 ·
373 2592 509 2657 tunicas
525 2593 692 2677 gestandi,
708 2592 905 2658 interiorem
921 2596 954 2657 et
969 2594 1180 2673 exteriorem,
1197 2592 1402 2659 subuculam

375 2705 409 2766 51
424 2702 609 2768 indusium.
637 2705 686 2768 At
698 2702 919 2771 Steinhoffius
932 2705 966 2788 (l.
979 2725 1005 2771 s.
1018 2706 1060 2788 s.)
1076 2725 1153 2771 cum
1169 2704 1247 2770 aliis
1264 2706 1402 2769 conten-

375 2813 436 2892 dit,
452 2814 535 2898 quia
550 2815 778 2880 monumentis
795 2816 838 2880 ad
852 2819 998 2881 aetatem
1009 2816 1205 2881 Plautinam
1218 2815 1402 2901 spectanti·
1479 2856 1481 2862 ·

374 2925 439 2991 bus
456 2925 497 2989 de
513 2925 579 2990 hoe
593 2925 787 2990 tunicarum
804 2927 949 2992 duarum
965 2947 1030 2994 usu
1045 2927 1231 3012 quicquam
1247 2926 1399 2991 nondum

372 3035 484 3120 possit
507 3037 679 3121 cognosci,
702 3037 872 3122 pluralem
896 3040 1070 3118 ,tunicae“
1089 3038 1132 3103 ob
1149 3037 1280 3101 nullam
1295 3035 1401 3101 aliam

373 3166 513 3212 causam
536 3147 703 3233 scriptum
727 3168 810 3228 esse,
833 3149 902 3214 nisi
917 3151 1008 3235 quod
1032 3149 1089 3215 hic
1105 3149 1172 3213 duo
1189 3147 1249 3212 alii
1264 3167 1400 3232 quoque

372 3257 539 3343 plurales:
565 3259 693 3339 „dolis“
713 3260 754 3340 (v.
768 3265 840 3327 367.
854 3264 940 3345 368.)
957 3264 990 3326 et
1006 3259 1232 3342 „mendaciis“
1251 3259 1296 3341 (r.
1310 3259 1400 3342 366.)

372 3368 542 3454 legantur.
587 3370 716 3435 Verum
739 3371 822 3436 haec
845 3372 962 3456 opinio
985 3372 1038 3437 vel
1065 3392 1127 3458 per
1153 3393 1189 3439 se
1211 3377 1288 3462 ipsa
1310 3378 1400 3444 mira

373 3479 603 3563 redarguitur,
627 3481 718 3565 quod
743 3483 863 3547 ceteris
886 3482 982 3563 15515,
1005 3483 1131 3568 quibus
1153 3484 1265 3552 forma
1290 3489 1400 3568 „tuni-

373 3593 451 3655 cae“
476 3590 590 3674 posita
613 3594 673 3670 est,
696 3590 842 3676 pluralis
865 3593 983 3657 eodem
1011 3595 1114 3659 modo
1137 3597 1303 3681 explicari
1330 3620 1399 3665 non

370 3703 494 3786 potest,
528 3721 607 3766 oum
630 3701 691 3766 alii
712 3702 862 3787 plurales
896 3703 945 3769 ibi
973 3724 1041 3769 non
1069 3711 1260 3773 occurrant.
1304 3710 1399 3796 Ergo

374 3831 583 3897 quamquam
606 3816 828 3878 monumenta
844 3814 888 3879 ad
903 3815 992 3880 hanc
1007 3835 1078 3879 rem
1102 3818 1307 3900 pertinentia
1330 3841 1400 3887 non

372 3923 546 4008 praebent,
579 3925 705 4008 quibus
733 3924 890 4010 Ussingii
924 3926 1091 3990 sententia
1124 3929 1331 4010 stabiliatur,
1366 3936 1400 3998 et

372 4052 581 4119 quamquam
597 4034 709 4099 Varro
732 4036 806 4120 ipse
826 4036 917 4121 apud
933 4036 1081 4101 Nonium
1099 4037 1143 4121 (p.
1164 4042 1232 4119 108,
1251 4041 1304 4124 30)
1319 4061 1399 4127 pro·
