3256 4900
671 422 825 515 —m—

237 612 395 674 trucncm
418 607 514 672 dicit:
538 607 715 687 „Bacchae
736 605 877 687 furenti,
901 605 931 670 si
953 605 1019 669 tibi
1042 605 1180 671 obviam
1202 625 1258 669 ve-

238 720 335 799 nerit,
359 718 481 784 melius
504 717 570 782 erit
602 717 643 782 de
669 717 727 782 via
754 717 928 782 decedere:
962 735 1044 780 narn
1076 715 1138 781 illa
1171 735 1259 800 quae

238 831 353 895 divino
387 829 538 914 quodam
571 829 738 894 instinctu
770 827 914 893 incitata
947 846 1066 892 omnes
1104 826 1260 893 homines

236 943 453 1007 occurrentes
476 940 581 1006 semel
606 940 727 1024 thyrso
754 957 817 1004 suc
832 937 933 1003 ferire
959 937 1056 1017 solet,
1079 939 1112 1002 te
1132 939 1261 1022 saepis-

237 1052 323 1117 sime
346 1051 514 1131 caederet,
548 1050 580 1116 si
612 1054 645 1115 te
678 1050 746 1116 sibi
773 1048 889 1114 dedita
911 1067 1015 1133 opera
1038 1050 1261 1115 adversatum

236 1181 310 1227 esse
331 1161 587 1227 intellexisset.“
632 1159 835 1241 Quomodo
864 1180 942 1224 cum
969 1161 1012 1226 ab
1041 1160 1120 1227 aliis
1148 1160 1259 1246 pectis

237 1272 379 1339 Graecis
415 1276 488 1338 tum
527 1274 570 1338 ab
607 1271 772 1356 Euripide
807 1272 844 1336 in
877 1271 1024 1337 Bacchis
1055 1271 1135 1336 illae
1172 1290 1260 1356 quae

236 1385 393 1452 Bacchae
415 1385 629 1451 vocabantur
650 1382 810 1448 mulieres
834 1382 988 1468 depictae
1011 1385 1092 1448 sunt
1114 1381 1170 1465 (cf.
1194 1383 1259 1447 Lc-

238 1496 378 1562 beekius
401 1496 572 1581 Aglaoph.
596 1514 628 1580 p.
646 1494 710 1578 27).

322 1608 393 1674 Nec
414 1627 495 1673 vero
518 1606 631 1672 minus
655 1609 748 1672 certa
771 1605 917 1692 originis
941 1604 1092 1671 Graecae
1113 1604 1261 1690 vestigia
1376 1637 1379 1641 ⁴

235 1737 318 1802 prae
340 1718 514 1785 scierunt
537 1740 565 1782 v.
583 1723 645 1786 429
661 1739 711 1804 sq.
758 1717 894 1786 Sosiam
917 1719 1008 1784 enim
1029 1717 1161 1803 prcelic
1183 1737 1260 1782 cum

237 1831 396 1897 Telebois
418 1831 509 1897 facte
531 1851 600 1896 nen
622 1831 831 1908 interfuisse,
856 1831 915 1896 sed
938 1831 1068 1896 interea
1089 1831 1126 1895 in
1148 1830 1261 1895 taber-

236 1941 359 2005 naculo
382 1942 498 2006 vinum
526 1941 670 2020 bibisse,
703 1939 952 2008 Pseudoscsiae
975 1941 1089 2007 verbis
1116 1959 1261 2026 cognos-

238 2050 361 2131 cimus,
390 2050 449 2135 qui
471 2054 510 2115 ut
531 2052 646 2136 ipsum
669 2049 804 2118 Sosiam
828 2072 902 2118 esse
924 2053 955 2117 ci
982 2052 1200 2138 persuadeat,
1229 2051 1259 2115 ei

237 2161 353 2226 emnia
375 2165 508 2242 narrat,
542 2182 630 2247 quae
662 2162 789 2228 istum
816 2161 909 2243 fecit,
945 2163 1111 2229 simulans
1145 2163 1258 2247 ipsum

236 2273 321 2337 haec
343 2272 459 2337 emnia
481 2273 693 2340 commisisse
716 2273 763 2357 (v.
779 2277 842 2340 429
858 2275 939 2359 sq.):

322 2382 457 2464 „Cadus
481 2389 554 2450 erat
574 2385 661 2449 vini:
684 2385 763 2450 inde
785 2385 926 2470 implevi
947 2386 1112 2451 hirneam.

238 2498 309 2560 430.
344 2495 431 2560 Earn
455 2515 528 2582 ego,
562 2500 601 2561 ut
634 2500 736 2560 arche
755 2495 868 2579 feteret
887 2501 1017 2576 matrem,
1051 2497 1124 2561 vini
1156 2497 1259 2562 eduxi

1098 2609 1215 2674 meri.“

321 2717 469 2784 Versum
492 2721 554 2784 430
581 2717 766 2803 Ussingius
800 2719 847 2803 (p.
866 2723 943 2802 276)
973 2718 1061 2784 falso
1094 2719 1260 2804 interpre-

235 2831 328 2894 tatus
352 2831 419 2894 est:
444 2831 503 2909 „ut
525 2849 567 2893 ex
590 2829 675 2895 cado
700 2829 844 2895 effusum
861 2835 935 2895 erat
949 2831 1068 2896 vinum
1084 2851 1173 2915 aqua
1189 2851 1259 2895 non

235 2940 420 3004 admixta.“
464 2940 581 3024 Neque
604 2940 694 3004 enim
718 2941 823 3006 cadus
839 2941 912 3006 vini
927 2945 1035 3006 mater
1051 2942 1120 3007 dici
1134 2945 1257 3026 petest,

236 3066 313 3110 eum
336 3047 464 3126 vinum,
498 3051 537 3112 ut
558 3049 608 3112 ita
630 3049 758 3128 dicam,
792 3051 867 3134 ipse
889 3069 958 3114 nen
980 3051 1163 3135 pepererit:
1198 3053 1258 3116 sed

234 3157 271 3221 in
308 3177 385 3222 eum
422 3157 541 3222 vinum
578 3159 648 3224 iam
691 3159 829 3225 aliunde
866 3161 1019 3246 genitum
1055 3160 1257 3227 infunditur.

235 3267 449 3333 Genetricem
472 3272 586 3334 autem
609 3270 690 3351 vini,
714 3271 827 3350 vitem,
851 3271 1005 3355 intellegi
1026 3272 1096 3336 iam
1118 3272 1257 3358 Lipsius

235 3381 312 3466 (Bp.
329 3383 458 3465 quaest.
475 3378 538 3460 ΙΙΙ,
556 3383 608 3465 17)
625 3381 769 3448 afferens
785 3383 903 3467 Eurip.
919 3383 1046 3449 Alcest.
1063 3405 1093 3448 v.
1112 3387 1172 3451 156
1189 3403 1256 3469 sq.:

959 3495 1103 3578 ‚rovira

319 3601 429 3676 λαβὼν
449 3604 537 3666 πίνει
558 3603 743 3688 μελαίνης
764 3605 903 3689 μητρὸς
924 3603 1087 3690 εὔζωρον
1116 3608 1256 3686 μέθαις,

233 3716 266 3778 et
282 3711 450 3780 Gruterus
472 3716 564 3799 apud
580 3715 838 3782 Taubmannum
861 3718 902 3794 de
923 3717 1081 3783 hocloco
1096 3717 1255 3784 Plinianc

233 3829 299 3904 (14,
326 3826 355 3906 1)
388 3825 590 3904 admonens
625 3845 693 3910 quc
727 3826 875 3912 legimus
910 3825 1051 3895 Cineam
1086 3827 1255 3894 Graecum

234 3935 417 4013 „miratum
441 3934 656 4000 altitudinem
679 3936 802 4001 vitium
825 3935 950 4003 lusisse
972 3937 1006 4002 in
1031 3939 1255 4004 austeriorem

232 4049 373 4132 gustum
406 4047 486 4128 vini,
521 4048 642 4113 merite
675 4053 810 4113 matrem
842 4049 910 4114 (αάε
941 4049 1088 4134 pendere
1121 4049 1156 4114 iu
1183 4053 1256 4114 tam
