3256 4900
798 400 950 492 „82

362 581 571 666 quibusdam
595 584 663 649 dici
691 587 814 669 potest,
850 586 914 649 hoc
948 585 1049 649 modo
1083 584 1251 648 removeri
1284 584 1383 648 velim

362 691 534 776 profectus
558 714 578 758 a
599 715 630 759 v.
656 697 727 775 631,
755 696 815 781 qui
842 698 886 760 ad
908 696 1004 760 illam
1026 697 1200 781 potionem
1223 695 1385 761 furtivam

363 803 402 867 v.'
418 808 476 871 431
503 810 697 871 enarratam
720 807 916 874 referendus
940 809 1106 872 videatur.

447 934 577 998 Eodem
600 934 708 1019 igitur
730 935 793 1016 die,
821 956 889 1021 quo
913 957 991 1002 cum
1013 936 1171 1002 Telobois
1194 939 1383 1020 pugnatum

364 1044 445 1120 erat,
480 1046 539 1107 aut
572 1043 674 1138 paullo
711 1051 790 1129 post
824 1045 1032 1130 Ammitruo
1067 1045 1200 1112 Sosiam
1238 1047 1386 1112 iusserat

362 1172 537 1218 reversum
552 1173 570 1218 e
585 1154 665 1219 navi
684 1174 745 1240 per
764 1154 912 1222 famulos
928 1157 1015 1222 alios
1031 1157 1163 1242 aliquid
1180 1156 1385 1222 efferendum

364 1283 483 1328 curare
507 1265 552 1348 (v.
578 1267 670 1349 629):

450 1390 535 1472 „Sed
572 1394 650 1459 vide
687 1416 728 1460 cx
767 1397 849 1482 navi,
883 1397 1066 1463 efferantur
1099 1417 1185 1482 quae
1218 1397 1386 1481 imperavi

1106 1509 1172 1572 tom
1196 1509 1341 1573 omnia.“

448 1641 737 1726 Amphitruonem
760 1641 850 1706 enim
873 1643 957 1707 haec
979 1643 1046 1707 iam
1065 1643 1173 1708 multo
1189 1647 1267 1708 ante
1289 1664 1387 1729 prae-

364 1751 492 1834 cepisse
526 1751 635 1816 elucet
668 1771 710 1815 ex
743 1771 838 1817 voce:
873 1753 984 1831 „iam“
1017 1755 1063 1835 (v.
1088 1756 1174 1836 629).
1225 1757 1278 1820 Ao
1305 1756 1389 1821 dicit

243 1955 249 1966 ι
363 1880 447 1926 vasa
469 1862 638 1945 quaedam
661 1863 800 1927 domum
823 1863 1039 1947 apportanda
1062 1862 1117 1944 (cf.
1142 1865 1232 1929 Men.
1257 1869 1318 1930 346
1335 1885 1385 1951 sq.

364 1967 450 2054 968).
495 1972 598 2036 Paria
633 1969 835 2038 Charmides
868 1993 1025 2039 reversus
1060 1973 1209 2040 Stasimo
1245 1977 1386 2040 mandat

363 2077 470 2164 (Trin.
494 2102 562 2148 vss.
590 2086 670 2150 1103
686 2083 791 2168 sqq.):

449 2208 577 2289 „Curre
600 2212 635 2275 in
650 2211 807 2275 Piraeum
832 2213 934 2295 atque
950 2231 1056 2275 unum
1079 2211 1288 2277 curriculum
1303 2211 1386 2277 face.

368 2383 369 2388 ,
449 2320 591 2386 Videbis
614 2321 684 2385 iam
706 2321 779 2386 illic
802 2341 923 2385 navem
947 2342 1015 2406 que
1038 2301 1172 2387 advecti
1195 2342 1327 2404 sumus;

449 2433 569 2498 Iubeto
593 2431 815 2518 Sagarionem
839 2454 920 2514 quoe
941 2433 1172 2514 imperaverim,

455 2542 577 2609 durare
600 2549 638 2608 ut
658 2544 850 2628 ecferantur,
875 2546 907 2608 et
928 2546 966 2607 tu
988 2543 1038 2607 ito
1061 2543 1201 2608 semul.“

449 2689 493 2753 Et
516 2690 558 2754 ad
582 2691 666 2754 baec
690 2688 954 2773 Amphitruonis
983 2689 1087 2754 verba
1115 2691 1159 2773 (v.
1185 2693 1259 2770 629)
1288 2688 1388 2756 Sosia

364 2799 549 2882 respondet
571 2801 614 2882 (v.
639 2803 702 2867 630
718 2800 797 2884 sq.):
833 2799 899 2878 „Et
921 2817 1052 2862 memor
1074 2817 1151 2864 sum
1174 2801 1207 2864 et
1230 2800 1386 2886 diligens

364 2929 472 2994 neque
495 2910 559 2976 etsi
581 2914 655 2975 tum
677 2911 713 2974 in
736 2909 957 2976 tabernaculo
981 2909 1098 2974 vinum
1114 2911 1261 2994 gustavi,
1285 2911 1388 2976 simul

366 3041 443 3086 cum
466 3022 532 3087 hoc
554 3021 736 3108 imperium
757 3022 844 3087 mihi
865 3024 938 3086 tum
960 3021 1078 3086 datum
1095 3020 1217 3088 ebibi.“
1252 3019 1390 3088 Scilicet

366 3132 524 3198 dominus
546 3134 630 3219 quid
654 3134 808 3199 illatum
834 3133 871 3197 in
894 3132 1115 3198 tabernaculo
1143 3130 1269 3212 fecerit,
1299 3153 1390 3198 com·

365 3246 498 3327 portum
522 3244 638 3310 habet:
671 3264 750 3308 nam
771 3243 902 3328 proelio
925 3241 1015 3307 facto
1039 3243 1153 3308 nescio
1178 3263 1221 3307 an
1245 3244 1388 3329 requisi-

368 3355 461 3430 verit,
484 3356 544 3421 ubi
567 3375 685 3420 servus
709 3374 810 3439 quom
831 3374 901 3418 non
923 3354 1067 3419 vidisset
1089 3355 1124 3418 in
1145 3373 1276 3439 campo,
1300 3355 1390 3419 inter

365 3487 517 3553 pugnam
553 3467 681 3534 fuisset.
739 3467 851 3532 Etiam
891 3487 969 3531 cum
1006 3485 1072 3530 vss.
1111 3465 1389 3530 antecedentibus

366 3581 445 3660 (vss.
471 3584 541 3644 627.
567 3580 642 3659 628)
676 3578 729 3642 illi
756 3581 829 3642 tres·
849 3595 966 3642 versus
995 3595 1081 3659 quos
1104 3577 1278 3640 tutaturus
1302 3594 1388 3652 sum,

366 3690 493 3774 optimc
516 3689 714 3754 concinunt:
737 3710 768 3752 v.
787 3691 848 3754 628
872 3687 1011 3772 quidem
1027 3686 1237 3772 Amphitruo
1255 3684 1389 3751 Sosiam

365 3800 460 3865 iubet
492 3820 528 3865 se
561 3800 658 3885 sequi
691 3801 726 3864 in
755 3800 869 3879 aedes3
904 3801 963 3864 scd
997 3820 1027 3862 v.
1052 3803 1113 3864 629
1149 3797 1293 3864 consilio
1327 3815 1389 3862 suo

367 3913 497 3975 mutato
522 3909 626 3975 aliam
648 3911 821 3995 quandam
844 3930 916 3974 rem
940 3909 1168 3976 necessariam
1184 3909 1326 3974 mandat
1349 3907 1389 3984 ci,

363 4039 442 4085 cum
459 4041 543 4086 vasa
565 4021 690 4106 quibus
706 4040 849 4085 uxorem
865 4020 987 4085 donari
1002 4020 1085 4099 vult,
1109 4040 1127 4084 e
1142 4019 1223 4084 navi
1238 4018 1392 4083 nondum
