<?xml version="1.0" encoding="UTF-8"?>
<!DOCTYPE html PUBLIC "-//W3C//DTD XHTML 1.0 Transitional//EN"
    "http://www.w3.org/TR/xhtml1/DTD/xhtml1-transitional.dtd">
<html xmlns="http://www.w3.org/1999/xhtml" xml:lang="en" lang="en">
 <head>
  <title>
</title>
<meta http-equiv="Content-Type" content="text/html;charset=utf-8" />
  <meta name='ocr-system' content='tesseract 3.04.00' />
  <meta name='ocr-capabilities' content='ocr_page ocr_carea ocr_par ocr_line ocrx_word'/>
</head>
<body>
  <div class='ocr_page' id='page_1' title='image "./plautusinamphit00siewgoog_0065.png"; bbox 0 0 3256 4900; ppageno 0'>
   <div class='ocr_carea' id='block_1_1' title="bbox 804 407 957 498">
    <p class='ocr_par' dir='ltr' id='par_1_1' title="bbox 804 407 957 498">
     <span class='ocr_line' id='line_1_1' title="bbox 804 407 957 498; baseline 0 0"><span class='ocrx_word' id='word_1_1' title='bbox 804 407 957 498; x_wconf 52' lang='grc' dir='ltr'>ΔΟ.--</span> 
     </span>
    </p>
   </div>
   <div class='ocr_carea' id='block_1_2' title="bbox 367 589 1393 1564">
    <p class='ocr_par' dir='ltr' id='par_1_2' title="bbox 452 589 1391 765">
     <span class='ocr_line' id='line_1_2' title="bbox 452 589 1391 676; baseline -0.004 -20"><span class='ocrx_word' id='word_1_2' title='bbox 452 597 537 656; x_wconf 91' lang='lat' dir='ltr'>etv.</span> <span class='ocrx_word' id='word_1_3' title='bbox 563 595 623 657; x_wconf 81' lang='lat'>302</span> <span class='ocrx_word' id='word_1_4' title='bbox 641 610 730 676; x_wconf 91' lang='lat' dir='ltr'>sqq.:</span> <span class='ocrx_word' id='word_1_5' title='bbox 766 591 891 676; x_wconf 81' lang='lat' dir='ltr'>„Agite</span> <span class='ocrx_word' id='word_1_6' title='bbox 914 590 1038 675; x_wconf 82' lang='lat' dir='ltr'>pugni:</span> <span class='ocrx_word' id='word_1_7' title='bbox 1072 590 1142 654; x_wconf 87' lang='lat' dir='ltr'>iam</span> <span class='ocrx_word' id='word_1_8' title='bbox 1171 589 1264 653; x_wconf 86' lang='lat' dir='ltr'>diust</span> <span class='ocrx_word' id='word_1_9' title='bbox 1286 607 1391 673; x_wconf 88' lang='lat' dir='ltr'>quom</span> 
     </span>
     <span class='ocr_line' id='line_1_3' title="bbox 871 699 1348 765; baseline -0.008 0"><span class='ocrx_word' id='word_1_10' title='bbox 871 701 984 765; x_wconf 82' lang='lat' dir='ltr'>ventri</span> <span class='ocrx_word' id='word_1_11' title='bbox 1005 700 1134 765; x_wconf 90' lang='lat' dir='ltr'>victum</span> <span class='ocrx_word' id='word_1_12' title='bbox 1156 719 1224 764; x_wconf 91' lang='lat' dir='ltr'>non</span> <span class='ocrx_word' id='word_1_13' title='bbox 1248 699 1348 764; x_wconf 78' lang='lat' dir='ltr'>datis,</span> 
     </span>
    </p>

    <p class='ocr_par' dir='ltr' id='par_1_3' title="bbox 451 811 1391 1008">
     <span class='ocr_line' id='line_1_4' title="bbox 451 811 1391 896; baseline 0 -20"><span class='ocrx_word' id='word_1_14' title='bbox 451 811 526 876; x_wconf 89' lang='lat' dir='ltr'>lam</span> <span class='ocrx_word' id='word_1_15' title='bbox 549 812 682 896; x_wconf 80' lang='lat' dir='ltr'>pridem</span> <span class='ocrx_word' id='word_1_16' title='bbox 705 812 841 876; x_wconf 88' lang='lat' dir='ltr'>videtur</span> <span class='ocrx_word' id='word_1_17' title='bbox 862 811 1002 892; x_wconf 84' lang='lat' dir='ltr'>factum,</span> <span class='ocrx_word' id='word_1_18' title='bbox 1027 811 1102 876; x_wconf 90' lang='lat' dir='ltr'>heri</span> <span class='ocrx_word' id='word_1_19' title='bbox 1121 812 1214 896; x_wconf 90' lang='lat' dir='ltr'>quod</span> <span class='ocrx_word' id='word_1_20' title='bbox 1236 811 1391 876; x_wconf 88' lang='lat' dir='ltr'>homines</span> 
     </span>
     <span class='ocr_line' id='line_1_5' title="bbox 1187 926 1351 1008; baseline -0.006 -21"><span class='ocrx_word' id='word_1_21' title='bbox 1187 926 1351 1008; x_wconf 88' lang='lat' dir='ltr'>quattuor</span> 
     </span>
    </p>

    <p class='ocr_par' dir='ltr' id='par_1_4' title="bbox 451 1033 1392 1212">
     <span class='ocr_line' id='line_1_6' title="bbox 451 1033 1392 1121; baseline -0.003 -21"><span class='ocrx_word' id='word_1_22' title='bbox 451 1035 491 1100; x_wconf 89' lang='lat' dir='ltr'>In</span> <span class='ocrx_word' id='word_1_23' title='bbox 515 1055 674 1121; x_wconf 88' lang='lat' dir='ltr'>soporem</span> <span class='ocrx_word' id='word_1_24' title='bbox 697 1036 892 1103; x_wconf 78' lang='lat' dir='ltr'>collocastis</span> <span class='ocrx_word' id='word_1_25' title='bbox 925 1035 1048 1100; x_wconf 82' lang='lat' dir='ltr'>nudos“</span> <span class='ocrx_word' id='word_1_26' title='bbox 1083 1034 1105 1098; x_wconf 90' lang='lat' dir='ltr'>i.</span> <span class='ocrx_word' id='word_1_27' title='bbox 1129 1054 1156 1099; x_wconf 90' lang='lat' dir='ltr'>e.</span> <span class='ocrx_word' id='word_1_28' title='bbox 1181 1033 1392 1099; x_wconf 86' lang='lat' dir='ltr'>vestimentis</span> 
     </span>
     <span class='ocr_line' id='line_1_7' title="bbox 1198 1147 1348 1212; baseline -0.013 -2"><span class='ocrx_word' id='word_1_29' title='bbox 1198 1147 1348 1212; x_wconf 88' lang='lat' dir='ltr'>orbatos.</span> 
     </span>
    </p>

    <p class='ocr_par' dir='ltr' id='par_1_5' title="bbox 453 1254 1393 1343">
     <span class='ocr_line' id='line_1_8' title="bbox 453 1254 1393 1343; baseline 0 -24"><span class='ocrx_word' id='word_1_30' title='bbox 453 1254 675 1322; x_wconf 78' lang='grc' dir='ltr'><strong><em>Λωττοδτσίαν</em></strong></span> <span class='ocrx_word' id='word_1_31' title='bbox 718 1258 754 1323; x_wconf 91' lang='lat' dir='ltr'>in</span> <span class='ocrx_word' id='word_1_32' title='bbox 792 1255 938 1324; x_wconf 84' lang='lat' dir='ltr'>Graecia</span> <span class='ocrx_word' id='word_1_33' title='bbox 981 1277 1117 1343; x_wconf 90' lang='lat' dir='ltr'>quoque</span> <span class='ocrx_word' id='word_1_34' title='bbox 1153 1257 1307 1342; x_wconf 84' lang='lat' dir='ltr'>viguisse</span> <span class='ocrx_word' id='word_1_35' title='bbox 1340 1255 1393 1320; x_wconf 90' lang='lat' dir='ltr'>vel</span> 
     </span>
    </p>

    <p class='ocr_par' dir='ltr' id='par_1_6' title="bbox 369 1367 1393 1454">
     <span class='ocr_line' id='line_1_9' title="bbox 369 1367 1393 1454; baseline -0.002 -21"><span class='ocrx_word' id='word_1_36' title='bbox 369 1369 501 1454; x_wconf 90' lang='lat' dir='ltr'>Diphili</span> <span class='ocrx_word' id='word_1_37' title='bbox 534 1368 554 1433; x_wconf 93' lang='grc'><strong>1.</strong></span> <span class='ocrx_word' id='word_1_38' title='bbox 584 1389 610 1434; x_wconf 85' lang='lat' dir='ltr'>s.</span> <span class='ocrx_word' id='word_1_39' title='bbox 639 1389 665 1434; x_wconf 89' lang='lat' dir='ltr'>s.</span> <span class='ocrx_word' id='word_1_40' title='bbox 700 1369 926 1454; x_wconf 85' lang='lat' dir='ltr'>intellegitur:</span> <span class='ocrx_word' id='word_1_41' title='bbox 963 1368 1111 1434; x_wconf 80' lang='lat' dir='ltr'>Athenis</span> <span class='ocrx_word' id='word_1_42' title='bbox 1142 1387 1223 1432; x_wconf 89' lang='lat' dir='ltr'>vero</span> <span class='ocrx_word' id='word_1_43' title='bbox 1259 1367 1393 1432; x_wconf 88' lang='lat' dir='ltr'>civibus</span> 
     </span>
    </p>

    <p class='ocr_par' dir='ltr' id='par_1_7' title="bbox 367 1477 1392 1564">
     <span class='ocr_line' id='line_1_10' title="bbox 367 1477 1392 1564; baseline 0.001 -21"><span class='ocrx_word' id='word_1_44' title='bbox 367 1478 580 1564; x_wconf 84' lang='lat' dir='ltr'>aliquamdiu</span> <span class='ocrx_word' id='word_1_45' title='bbox 630 1499 802 1544; x_wconf 87' lang='lat' dir='ltr'>summum</span> <span class='ocrx_word' id='word_1_46' title='bbox 857 1483 987 1544; x_wconf 91' lang='lat' dir='ltr'>metum</span> <span class='ocrx_word' id='word_1_47' title='bbox 1035 1479 1200 1544; x_wconf 83' lang='lat' dir='ltr'>iniecerat</span> <span class='ocrx_word' id='word_1_48' title='bbox 1255 1477 1392 1544; x_wconf 79' lang='lat' dir='ltr'>Orestes</span> 
     </span>
    </p>
   </div>
   <div class='ocr_carea' id='block_1_3' title="bbox 366 1587 1395 3673">
    <p class='ocr_par' dir='ltr' id='par_1_8' title="bbox 366 1587 1393 1896">
     <span class='ocr_line' id='line_1_11' title="bbox 366 1587 1289 1674; baseline 0.001 -23"><span class='ocrx_word' id='word_1_49' title='bbox 366 1587 550 1672; x_wconf 77' lang='grc' dir='ltr'><strong><em>λωποδύτης</em></strong></span> <span class='ocrx_word' id='word_1_50' title='bbox 573 1589 629 1672; x_wconf 81' lang='lat' dir='ltr'>(cf.</span> <span class='ocrx_word' id='word_1_51' title='bbox 653 1590 832 1674; x_wconf 85' lang='lat' dir='ltr'>Aristoph.</span> <span class='ocrx_word' id='word_1_52' title='bbox 856 1590 943 1655; x_wconf 88' lang='lat' dir='ltr'>Ach.</span> <span class='ocrx_word' id='word_1_53' title='bbox 970 1595 1061 1656; x_wconf 88' lang='grc'><strong>1166.</strong></span> <span class='ocrx_word' id='word_1_54' title='bbox 1085 1593 1151 1656; x_wconf 82' lang='grc' dir='ltr'>Αν.</span> <span class='ocrx_word' id='word_1_55' title='bbox 1178 1591 1289 1673; x_wconf 82' lang='grc'><strong>1491);</strong></span> 
     </span>
     <span class='ocr_line' id='line_1_12' title="bbox 454 1698 1393 1784; baseline -0.002 -22"><span class='ocrx_word' id='word_1_56' title='bbox 454 1701 622 1782; x_wconf 67' lang='grc' dir='ltr'>,γυμνὸς</span> <span class='ocrx_word' id='word_1_57' title='bbox 643 1698 684 1784; x_wconf 79' lang='grc' dir='ltr'>ἦν</span> <span class='ocrx_word' id='word_1_58' title='bbox 703 1699 833 1784; x_wconf 78' lang='grc' dir='ltr'><strong><em>πληγεὶς</em></strong></span> <span class='ocrx_word' id='word_1_59' title='bbox 855 1699 912 1764; x_wconf 77' lang='grc' dir='ltr'>ὑπ’</span> <span class='ocrx_word' id='word_1_60' title='bbox 936 1699 1034 1764; x_wconf 78' lang='grc' dir='ltr'><strong><em>αὐτοῦ</em></strong></span> <span class='ocrx_word' id='word_1_61' title='bbox 1059 1701 1169 1764; x_wconf 82' lang='grc' dir='ltr'><strong><em>πάντα</em></strong></span> <span class='ocrx_word' id='word_1_62' title='bbox 1189 1699 1393 1773; x_wconf 78' lang='grc' dir='ltr'><strong><em>ττῖττιδέξια.“</em></strong></span> 
     </span>
     <span class='ocr_line' id='line_1_13' title="bbox 453 1809 1392 1896; baseline 0.001 -23"><span class='ocrx_word' id='word_1_63' title='bbox 453 1809 619 1892; x_wconf 81' lang='grc' dir='ltr'><strong>,,Γυμνός“</strong></span> <span class='ocrx_word' id='word_1_64' title='bbox 653 1815 767 1876; x_wconf 87' lang='lat' dir='ltr'>autem</span> <span class='ocrx_word' id='word_1_65' title='bbox 801 1812 944 1876; x_wconf 89' lang='lat' dir='ltr'>eundem</span> <span class='ocrx_word' id='word_1_66' title='bbox 972 1831 1110 1877; x_wconf 88' lang='lat' dir='ltr'>sensum</span> <span class='ocrx_word' id='word_1_67' title='bbox 1137 1831 1239 1896; x_wconf 90' lang='lat' dir='ltr'>quem</span> <span class='ocrx_word' id='word_1_68' title='bbox 1265 1811 1392 1895; x_wconf 85' lang='lat' dir='ltr'>Amph.</span> 
     </span>
    </p>

    <p class='ocr_par' dir='ltr' id='par_1_9' title="bbox 366 1922 1393 2008">
     <span class='ocr_line' id='line_1_14' title="bbox 366 1922 1393 2008; baseline -0.004 -19"><span class='ocrx_word' id='word_1_69' title='bbox 366 1945 396 1989; x_wconf 90' lang='lat' dir='ltr'>v.</span> <span class='ocrx_word' id='word_1_70' title='bbox 412 1927 487 1990; x_wconf 79' lang='lat'><strong>304:</strong></span> <span class='ocrx_word' id='word_1_71' title='bbox 509 1925 664 2004; x_wconf 68' lang='grc' dir='ltr'>,11111165ιι</span> <span class='ocrx_word' id='word_1_72' title='bbox 680 1924 810 1990; x_wconf 86' lang='lat' dir='ltr'>habens</span> <span class='ocrx_word' id='word_1_73' title='bbox 826 1925 952 1988; x_wconf 83' lang='lat' dir='ltr'>iterum</span> <span class='ocrx_word' id='word_1_74' title='bbox 967 1923 1093 2008; x_wconf 87' lang='lat' dir='ltr'>legitur</span> <span class='ocrx_word' id='word_1_75' title='bbox 1109 1923 1200 2007; x_wconf 90' lang='lat' dir='ltr'>apud</span> <span class='ocrx_word' id='word_1_76' title='bbox 1213 1922 1393 1988; x_wconf 84' lang='lat' dir='ltr'>Alexidem</span> 
     </span>
    </p>

    <p class='ocr_par' dir='ltr' id='par_1_10' title="bbox 368 2031 1394 2121">
     <span class='ocr_line' id='line_1_15' title="bbox 368 2031 1394 2121; baseline -0.002 -21"><span class='ocrx_word' id='word_1_77' title='bbox 368 2037 409 2100; x_wconf 89' lang='lat' dir='ltr'>de</span> <span class='ocrx_word' id='word_1_78' title='bbox 442 2031 611 2121; x_wconf 78' lang='grc' dir='ltr'><strong><em>λωποδύτῃ</em></strong></span> <span class='ocrx_word' id='word_1_79' title='bbox 645 2035 796 2120; x_wconf 89' lang='lat' dir='ltr'>quodam</span> <span class='ocrx_word' id='word_1_80' title='bbox 829 2035 959 2100; x_wconf 86' lang='lat' dir='ltr'>similia</span> <span class='ocrx_word' id='word_1_81' title='bbox 992 2037 1191 2098; x_wconf 87' lang='lat' dir='ltr'>narrantem</span> <span class='ocrx_word' id='word_1_82' title='bbox 1226 2033 1302 2116; x_wconf 82' lang='grc' dir='ltr'><strong>(ΙΙΙ,</strong></span> <span class='ocrx_word' id='word_1_83' title='bbox 1331 2036 1394 2098; x_wconf 85' lang='grc'><strong>414</strong></span> 
     </span>
    </p>

    <p class='ocr_par' dir='ltr' id='par_1_11' title="bbox 367 2146 499 2229">
     <span class='ocr_line' id='line_1_16' title="bbox 367 2146 499 2229; baseline -0.03 -17"><span class='ocrx_word' id='word_1_84' title='bbox 367 2146 499 2229; x_wconf 85' lang='lat' dir='ltr'>Mein.):</span> 
     </span>
    </p>

    <p class='ocr_par' dir='ltr' id='par_1_12' title="bbox 453 2255 1395 2563">
     <span class='ocr_line' id='line_1_17' title="bbox 453 2255 1395 2340; baseline 0 -22"><span class='ocrx_word' id='word_1_85' title='bbox 453 2257 527 2340; x_wconf 60' lang='grc' dir='ltr'>,τῆς</span> <span class='ocrx_word' id='word_1_86' title='bbox 571 2256 683 2329; x_wconf 84' lang='grc' dir='ltr'><strong><em>νυκτὸς</em></strong></span> <span class='ocrx_word' id='word_1_87' title='bbox 726 2255 797 2330; x_wconf 83' lang='grc' dir='ltr'><strong><em>τοὺς</em></strong></span> <span class='ocrx_word' id='word_1_88' title='bbox 840 2255 1057 2328; x_wconf 75' lang='grc' dir='ltr'><strong><em>ἀπαντῶντας</em></strong></span> <span class='ocrx_word' id='word_1_89' title='bbox 1100 2266 1188 2317; x_wconf 79' lang='grc' dir='ltr'><strong><em>ποιεῖ</em></strong></span> <span class='ocrx_word' id='word_1_90' title='bbox 1229 2255 1395 2336; x_wconf 74' lang='grc' dir='ltr'><strong><em>γυμνοὺς</em></strong></span> 
     </span>
     <span class='ocr_line' id='line_1_18' title="bbox 1172 2367 1352 2442; baseline -0.006 -12"><span class='ocrx_word' id='word_1_91' title='bbox 1172 2367 1352 2442; x_wconf 81' lang='grc' dir='ltr'><strong><em>ἅπαντας.“</em></strong></span> 
     </span>
     <span class='ocr_line' id='line_1_19' title="bbox 454 2478 1395 2563; baseline 0.002 -21"><span class='ocrx_word' id='word_1_92' title='bbox 454 2479 622 2563; x_wconf 83' lang='lat' dir='ltr'>Deinceps</span> <span class='ocrx_word' id='word_1_93' title='bbox 651 2478 861 2562; x_wconf 88' lang='lat' dir='ltr'>adiungatur</span> <span class='ocrx_word' id='word_1_94' title='bbox 882 2500 913 2543; x_wconf 91' lang='lat' dir='ltr'>v.</span> <span class='ocrx_word' id='word_1_95' title='bbox 938 2483 1010 2559; x_wconf 85' lang='grc'><strong>341,</strong></span> <span class='ocrx_word' id='word_1_96' title='bbox 1046 2480 1106 2546; x_wconf 91' lang='lat' dir='ltr'>ubi</span> <span class='ocrx_word' id='word_1_97' title='bbox 1133 2481 1324 2546; x_wconf 85' lang='lat' dir='ltr'>Mercurius</span> <span class='ocrx_word' id='word_1_98' title='bbox 1353 2501 1395 2545; x_wconf 88' lang='lat' dir='ltr'>ex</span> 
     </span>
    </p>

    <p class='ocr_par' dir='ltr' id='par_1_13' title="bbox 368 2589 747 2674">
     <span class='ocr_line' id='line_1_20' title="bbox 368 2589 747 2674; baseline -0.005 -19"><span class='ocrx_word' id='word_1_99' title='bbox 368 2589 468 2656; x_wconf 87' lang='lat' dir='ltr'>Sosia</span> <span class='ocrx_word' id='word_1_100' title='bbox 491 2589 575 2654; x_wconf 90' lang='lat' dir='ltr'>haec</span> <span class='ocrx_word' id='word_1_101' title='bbox 598 2590 747 2674; x_wconf 89' lang='lat' dir='ltr'>quaerit:</span> 
     </span>
    </p>

    <p class='ocr_par' dir='ltr' id='par_1_14' title="bbox 452 2699 1395 3006">
     <span class='ocr_line' id='line_1_21' title="bbox 454 2699 1395 2785; baseline 0.005 -21"><span class='ocrx_word' id='word_1_102' title='bbox 454 2719 544 2785; x_wconf 82' lang='lat' dir='ltr'>„quo</span> <span class='ocrx_word' id='word_1_103' title='bbox 567 2699 724 2765; x_wconf 90' lang='lat' dir='ltr'>ambulas</span> <span class='ocrx_word' id='word_1_104' title='bbox 747 2703 794 2779; x_wconf 87' lang='lat' dir='ltr'>tu,</span> <span class='ocrx_word' id='word_1_105' title='bbox 823 2701 884 2785; x_wconf 90' lang='lat' dir='ltr'>qui</span> <span class='ocrx_word' id='word_1_106' title='bbox 909 2701 1099 2767; x_wconf 86' lang='lat' dir='ltr'>Volcanum</span> <span class='ocrx_word' id='word_1_107' title='bbox 1121 2704 1157 2767; x_wconf 91' lang='lat' dir='ltr'>in</span> <span class='ocrx_word' id='word_1_108' title='bbox 1185 2723 1291 2768; x_wconf 89' lang='lat' dir='ltr'>cornu</span> <span class='ocrx_word' id='word_1_109' title='bbox 1314 2723 1395 2769; x_wconf 92' lang='lat' dir='ltr'>con-</span> 
     </span>
     <span class='ocr_line' id='line_1_22' title="bbox 1054 2813 1349 2898; baseline 0 -20"><span class='ocrx_word' id='word_1_110' title='bbox 1054 2813 1188 2878; x_wconf 84' lang='lat' dir='ltr'>clusum</span> <span class='ocrx_word' id='word_1_111' title='bbox 1212 2814 1349 2898; x_wconf 86' lang='lat' dir='ltr'>geris?“</span> 
     </span>
     <span class='ocr_line' id='line_1_23' title="bbox 452 2920 1394 3006; baseline 0.002 -19"><span class='ocrx_word' id='word_1_112' title='bbox 452 2922 516 2987; x_wconf 86' lang='lat' dir='ltr'>llle</span> <span class='ocrx_word' id='word_1_113' title='bbox 538 2922 647 3006; x_wconf 82' lang='lat' dir='ltr'>igitur</span> <span class='ocrx_word' id='word_1_114' title='bbox 678 2920 745 2986; x_wconf 83' lang='lat' dir='ltr'>fert</span> <span class='ocrx_word' id='word_1_115' title='bbox 776 2921 892 3006; x_wconf 89' lang='lat' dir='ltr'>ignem</span> <span class='ocrx_word' id='word_1_116' title='bbox 914 2923 951 2986; x_wconf 92' lang='lat' dir='ltr'>in</span> <span class='ocrx_word' id='word_1_117' title='bbox 983 2943 1090 2988; x_wconf 89' lang='lat' dir='ltr'>cornu</span> <span class='ocrx_word' id='word_1_118' title='bbox 1114 2924 1323 3005; x_wconf 88' lang='lat' dir='ltr'>conclusum,</span> <span class='ocrx_word' id='word_1_119' title='bbox 1358 2925 1394 2990; x_wconf 89' lang='lat' dir='ltr'>id</span> 
     </span>
    </p>

    <p class='ocr_par' dir='ltr' id='par_1_15' title="bbox 367 3033 1393 3121">
     <span class='ocr_line' id='line_1_24' title="bbox 367 3033 1393 3121; baseline 0 -22"><span class='ocrx_word' id='word_1_120' title='bbox 367 3034 477 3100; x_wconf 88' lang='lat' dir='ltr'>estin</span> <span class='ocrx_word' id='word_1_121' title='bbox 500 3033 659 3099; x_wconf 88' lang='lat' dir='ltr'>lanterna</span> <span class='ocrx_word' id='word_1_122' title='bbox 682 3055 699 3099; x_wconf 91' lang='lat' dir='ltr'>e</span> <span class='ocrx_word' id='word_1_123' title='bbox 722 3053 829 3099; x_wconf 90' lang='lat' dir='ltr'>cornu</span> <span class='ocrx_word' id='word_1_124' title='bbox 851 3033 943 3099; x_wconf 85' lang='lat' dir='ltr'>facta</span> <span class='ocrx_word' id='word_1_125' title='bbox 966 3034 1020 3112; x_wconf 86' lang='lat' dir='ltr'>(cf.</span> <span class='ocrx_word' id='word_1_126' title='bbox 1044 3035 1131 3118; x_wconf 84' lang='lat' dir='ltr'>prol.</span> <span class='ocrx_word' id='word_1_127' title='bbox 1154 3056 1185 3099; x_wconf 91' lang='lat' dir='ltr'>v.</span> <span class='ocrx_word' id='word_1_128' title='bbox 1212 3040 1282 3101; x_wconf 85' lang='grc'><strong>149.</strong></span> <span class='ocrx_word' id='word_1_129' title='bbox 1307 3041 1393 3121; x_wconf 82' lang='grc'><strong>406).</strong></span> 
     </span>
    </p>

    <p class='ocr_par' dir='ltr' id='par_1_16' title="bbox 367 3145 1393 3233">
     <span class='ocr_line' id='line_1_25' title="bbox 367 3145 1393 3233; baseline 0.004 -23"><span class='ocrx_word' id='word_1_130' title='bbox 367 3145 508 3211; x_wconf 86' lang='lat' dir='ltr'>Talibus</span> <span class='ocrx_word' id='word_1_131' title='bbox 535 3146 701 3211; x_wconf 82' lang='lat' dir='ltr'>lanternis</span> <span class='ocrx_word' id='word_1_132' title='bbox 729 3146 862 3212; x_wconf 87' lang='lat' dir='ltr'>corneis</span> <span class='ocrx_word' id='word_1_133' title='bbox 890 3150 924 3211; x_wconf 88' lang='lat' dir='ltr'>et</span> <span class='ocrx_word' id='word_1_134' title='bbox 945 3146 1093 3211; x_wconf 87' lang='lat' dir='ltr'>Romani</span> <span class='ocrx_word' id='word_1_135' title='bbox 1127 3145 1179 3226; x_wconf 83' lang='lat' dir='ltr'>(cf.</span> <span class='ocrx_word' id='word_1_136' title='bbox 1204 3148 1317 3233; x_wconf 88' lang='lat' dir='ltr'>Priap.</span> <span class='ocrx_word' id='word_1_137' title='bbox 1342 3153 1393 3228; x_wconf 79' lang='lat'>32,</span> 
     </span>
    </p>

    <p class='ocr_par' dir='ltr' id='par_1_17' title="bbox 371 3256 1393 3338">
     <span class='ocr_line' id='line_1_26' title="bbox 371 3256 1393 3338; baseline 0.001 -17"><span class='ocrx_word' id='word_1_138' title='bbox 371 3262 423 3337; x_wconf 84' lang='lat'>143</span> <span class='ocrx_word' id='word_1_139' title='bbox 446 3256 532 3321; x_wconf 88' lang='lat' dir='ltr'>Pliu.</span> <span class='ocrx_word' id='word_1_140' title='bbox 549 3257 590 3320; x_wconf 90' lang='lat' dir='ltr'>N.</span> <span class='ocrx_word' id='word_1_141' title='bbox 607 3258 650 3321; x_wconf 92' lang='grc' dir='ltr'>Η.</span> <span class='ocrx_word' id='word_1_142' title='bbox 679 3262 726 3336; x_wconf 91' lang='grc'>11,</span> <span class='ocrx_word' id='word_1_143' title='bbox 744 3261 799 3337; x_wconf 90' lang='grc'>49;</span> <span class='ocrx_word' id='word_1_144' title='bbox 826 3262 968 3338; x_wconf 79' lang='grc'><strong>11,126;</strong></span> <span class='ocrx_word' id='word_1_145' title='bbox 992 3259 1093 3322; x_wconf 90' lang='lat' dir='ltr'>Mart.</span> <span class='ocrx_word' id='word_1_146' title='bbox 1114 3264 1163 3338; x_wconf 88' lang='grc'>14,</span> <span class='ocrx_word' id='word_1_147' title='bbox 1180 3263 1235 3338; x_wconf 91' lang='grc'><strong>61;</strong></span> <span class='ocrx_word' id='word_1_148' title='bbox 1259 3259 1393 3325; x_wconf 82' lang='lat' dir='ltr'>Lucret.</span> 
     </span>
    </p>

    <p class='ocr_par' dir='ltr' id='par_1_18' title="bbox 368 3365 1395 3456">
     <span class='ocr_line' id='line_1_27' title="bbox 368 3365 1395 3456; baseline 0.002 -23"><span class='ocrx_word' id='word_1_149' title='bbox 368 3372 397 3446; x_wconf 61' lang='lat'>²2,</span> <span class='ocrx_word' id='word_1_150' title='bbox 422 3370 498 3446; x_wconf 80' lang='lat'>3883</span> <span class='ocrx_word' id='word_1_151' title='bbox 527 3365 764 3433; x_wconf 86' lang='lat' dir='ltr'>Steinhoffius:</span> <span class='ocrx_word' id='word_1_152' title='bbox 799 3369 978 3453; x_wconf 64' lang='lat' dir='ltr'>„Prolegg</span> <span class='ocrx_word' id='word_1_153' title='bbox 1003 3390 1046 3433; x_wconf 88' lang='lat' dir='ltr'>zu</span> <span class='ocrx_word' id='word_1_154' title='bbox 1069 3369 1221 3434; x_wconf 87' lang='lat' dir='ltr'>Plautus&#39;</span> <span class='ocrx_word' id='word_1_155' title='bbox 1249 3372 1395 3456; x_wconf 89' lang='lat' dir='ltr'>Amphi-</span> 
     </span>
    </p>

    <p class='ocr_par' dir='ltr' id='par_1_19' title="bbox 366 3477 1395 3566">
     <span class='ocr_line' id='line_1_28' title="bbox 366 3477 1395 3566; baseline 0.006 -24"><span class='ocrx_word' id='word_1_156' title='bbox 366 3481 465 3542; x_wconf 84' lang='lat' dir='ltr'>tru0“</span> <span class='ocrx_word' id='word_1_157' title='bbox 489 3498 520 3562; x_wconf 91' lang='lat' dir='ltr'>p.</span> <span class='ocrx_word' id='word_1_158' title='bbox 538 3477 573 3542; x_wconf 89' lang='grc' dir='ltr'>ΙΙ</span> <span class='ocrx_word' id='word_1_159' title='bbox 595 3498 711 3563; x_wconf 85' lang='lat' dir='ltr'>progr.</span> <span class='ocrx_word' id='word_1_160' title='bbox 736 3477 843 3544; x_wconf 87' lang='lat' dir='ltr'>schol.</span> <span class='ocrx_word' id='word_1_161' title='bbox 867 3478 1123 3564; x_wconf 84' lang='lat' dir='ltr'>Blankenburg.</span> <span class='ocrx_word' id='word_1_162' title='bbox 1151 3485 1231 3547; x_wconf 85' lang='grc'><strong>1819</strong></span> <span class='ocrx_word' id='word_1_163' title='bbox 1255 3501 1287 3566; x_wconf 93' lang='lat' dir='ltr'>p.</span> <span class='ocrx_word' id='word_1_164' title='bbox 1306 3485 1337 3564; x_wconf 85' lang='lat'>7)</span> <span class='ocrx_word' id='word_1_165' title='bbox 1362 3487 1395 3548; x_wconf 86' lang='lat' dir='ltr'>et</span> 
     </span>
    </p>

    <p class='ocr_par' dir='ltr' id='par_1_20' title="bbox 367 3586 1393 3673">
     <span class='ocr_line' id='line_1_29' title="bbox 367 3586 1393 3673; baseline 0.003 -20"><span class='ocrx_word' id='word_1_166' title='bbox 367 3586 491 3654; x_wconf 87' lang='lat' dir='ltr'>Graeci</span> <span class='ocrx_word' id='word_1_167' title='bbox 517 3589 716 3668; x_wconf 86' lang='lat' dir='ltr'>utebantur,</span> <span class='ocrx_word' id='word_1_168' title='bbox 751 3589 843 3673; x_wconf 86' lang='lat' dir='ltr'>apud</span> <span class='ocrx_word' id='word_1_169' title='bbox 870 3608 957 3673; x_wconf 90' lang='lat' dir='ltr'>quos</span> <span class='ocrx_word' id='word_1_170' title='bbox 986 3590 1188 3656; x_wconf 69' lang='lat' dir='ltr'>dicebantur</span> <span class='ocrx_word' id='word_1_171' title='bbox 1214 3590 1393 3673; x_wconf 78' lang='grc' dir='ltr'><strong><em>λυχνοῦχοι.</em></strong></span> 
     </span>
    </p>
   </div>
   <div class='ocr_carea' id='block_1_4' title="bbox 366 3698 1398 4121">
    <p class='ocr_par' dir='ltr' id='par_1_21' title="bbox 366 3698 1398 4121">
     <span class='ocr_line' id='line_1_30' title="bbox 366 3698 1396 3789; baseline 0.004 -23"><span class='ocrx_word' id='word_1_172' title='bbox 366 3701 417 3766; x_wconf 89' lang='lat' dir='ltr'>De</span> <span class='ocrx_word' id='word_1_173' title='bbox 440 3698 603 3782; x_wconf 79' lang='grc' dir='ltr'><em>λυχνούχῳ</em></span> <span class='ocrx_word' id='word_1_174' title='bbox 626 3701 825 3766; x_wconf 87' lang='lat' dir='ltr'>Athenaeus</span> <span class='ocrx_word' id='word_1_175' title='bbox 859 3704 892 3765; x_wconf 87' lang='lat' dir='ltr'>et</span> <span class='ocrx_word' id='word_1_176' title='bbox 925 3700 1010 3767; x_wconf 87' lang='lat' dir='ltr'>alibi</span> <span class='ocrx_word' id='word_1_177' title='bbox 1044 3703 1214 3768; x_wconf 84' lang='lat' dir='ltr'>uberrime</span> <span class='ocrx_word' id='word_1_178' title='bbox 1241 3703 1396 3789; x_wconf 90' lang='lat' dir='ltr'>loquitur</span> 
     </span>
     <span class='ocr_line' id='line_1_31' title="bbox 367 3811 1395 3893; baseline 0.005 -17"><span class='ocrx_word' id='word_1_179' title='bbox 367 3816 400 3876; x_wconf 89' lang='lat' dir='ltr'>et</span> <span class='ocrx_word' id='word_1_180' title='bbox 429 3815 477 3891; x_wconf 84' lang='lat'>15,</span> <span class='ocrx_word' id='word_1_181' title='bbox 508 3811 608 3877; x_wconf 82' lang='lat' dir='ltr'>699F</span> <span class='ocrx_word' id='word_1_182' title='bbox 640 3831 716 3875; x_wconf 92' lang='lat' dir='ltr'>eum</span> <span class='ocrx_word' id='word_1_183' title='bbox 750 3811 800 3876; x_wconf 88' lang='lat' dir='ltr'>sio</span> <span class='ocrx_word' id='word_1_184' title='bbox 834 3812 1012 3878; x_wconf 85' lang='lat' dir='ltr'>describit:</span> <span class='ocrx_word' id='word_1_185' title='bbox 1047 3816 1099 3878; x_wconf 89' lang='lat' dir='ltr'>est</span> <span class='ocrx_word' id='word_1_186' title='bbox 1132 3815 1263 3893; x_wconf 73' lang='grc' dir='ltr'><strong>,σκεῦός</strong></span> <span class='ocrx_word' id='word_1_187' title='bbox 1295 3840 1326 3877; x_wconf 79' lang='grc' dir='ltr'>τι</span> <span class='ocrx_word' id='word_1_188' title='bbox 1359 3815 1395 3881; x_wconf 76' lang='grc' dir='ltr'>ἓν</span> 
     </span>
     <span class='ocr_line' id='line_1_32' title="bbox 367 3920 1398 4008; baseline 0.007 -24"><span class='ocrx_word' id='word_1_189' title='bbox 367 3922 472 4006; x_wconf 79' lang='grc' dir='ltr'><em>κύκλῳ</em></span> <span class='ocrx_word' id='word_1_190' title='bbox 495 3921 577 4002; x_wconf 79' lang='grc' dir='ltr'><strong><em>ἔχων</em></strong></span> <span class='ocrx_word' id='word_1_191' title='bbox 599 3925 732 4002; x_wconf 80' lang='grc' dir='ltr'><strong><em>κέρατα,</em></strong></span> <span class='ocrx_word' id='word_1_192' title='bbox 762 3920 858 3987; x_wconf 80' lang='grc' dir='ltr'><em>ἔνδον</em></span> <span class='ocrx_word' id='word_1_193' title='bbox 880 3920 917 3986; x_wconf 83' lang='grc' dir='ltr'>δέ</span> <span class='ocrx_word' id='word_1_194' title='bbox 939 3922 1055 4004; x_wconf 75' lang='grc' dir='ltr'><strong><em>λύχνον</em></strong></span> <span class='ocrx_word' id='word_1_195' title='bbox 1079 3923 1221 4008; x_wconf 74' lang='grc' dir='ltr'><strong><em>ἡμμένον</em></strong></span> <span class='ocrx_word' id='word_1_196' title='bbox 1249 3923 1305 3988; x_wconf 75' lang='grc' dir='ltr'>διὰ</span> <span class='ocrx_word' id='word_1_197' title='bbox 1332 3927 1398 3991; x_wconf 80' lang='grc' dir='ltr'>τῶν</span> 
     </span>
     <span class='ocr_line' id='line_1_33' title="bbox 366 4031 1395 4121; baseline 0.006 -24"><span class='ocrx_word' id='word_1_198' title='bbox 366 4033 508 4118; x_wconf 72' lang='grc' dir='ltr'><strong><em>κεράτων</em></strong></span> <span class='ocrx_word' id='word_1_199' title='bbox 553 4031 589 4096; x_wconf 67' lang='lat' dir='ltr'>w*</span> <span class='ocrx_word' id='word_1_200' title='bbox 631 4033 700 4117; x_wconf 80' lang='grc' dir='ltr'>φῶς</span> <span class='ocrx_word' id='word_1_201' title='bbox 736 4036 945 4112; x_wconf 78' lang='grc' dir='ltr'><strong><em>πέμποντα,·“</em></strong></span> <span class='ocrx_word' id='word_1_202' title='bbox 991 4034 1216 4121; x_wconf 81' lang='lat' dir='ltr'>similiterque</span> <span class='ocrx_word' id='word_1_203' title='bbox 1250 4037 1395 4103; x_wconf 84' lang='lat' dir='ltr'>Photius</span> 
     </span>
    </p>
   </div>
   <div class='ocr_carea' id='block_1_5' title="bbox 0 0 1637 4900">
    <p class='ocr_par' dir='ltr' id='par_1_22' title="bbox 0 0 1637 4900">
     <span class='ocr_line' id='line_1_34' title="bbox 0 0 1637 4900; baseline 0 0"><span class='ocrx_word' id='word_1_204' title='bbox 0 0 1637 4900; x_wconf 95' lang='lat' dir='ltr'> </span> 
     </span>
    </p>
   </div>
  </div>
 </body>
</html>
