<?xml version="1.0" encoding="UTF-8"?>
<!DOCTYPE html PUBLIC "-//W3C//DTD XHTML 1.0 Transitional//EN"
    "http://www.w3.org/TR/xhtml1/DTD/xhtml1-transitional.dtd">
<html xmlns="http://www.w3.org/1999/xhtml" xml:lang="en" lang="en">
 <head>
  <title>
</title>
<meta http-equiv="Content-Type" content="text/html;charset=utf-8" />
  <meta name='ocr-system' content='tesseract 3.04.00' />
  <meta name='ocr-capabilities' content='ocr_page ocr_carea ocr_par ocr_line ocrx_word'/>
</head>
<body>
  <div class='ocr_page' id='page_1' title='image "./plautusinamphit00siewgoog_0071.png"; bbox 0 0 3256 4900; ppageno 0'>
   <div class='ocr_carea' id='block_1_1' title="bbox 827 435 981 528">
    <p class='ocr_par' dir='ltr' id='par_1_1' title="bbox 827 435 981 528">
     <span class='ocr_line' id='line_1_1' title="bbox 827 435 981 528; baseline 0 -32"><span class='ocrx_word' id='word_1_1' title='bbox 827 435 981 528; x_wconf 26' lang='lat' dir='ltr'>*ee—-</span> 
     </span>
    </p>
   </div>
   <div class='ocr_carea' id='block_1_2' title="bbox 363 619 1418 4143">
    <p class='ocr_par' dir='ltr' id='par_1_2' title="bbox 477 619 1418 704">
     <span class='ocr_line' id='line_1_2' title="bbox 477 619 1418 704; baseline -0.003 -18"><span class='ocrx_word' id='word_1_2' title='bbox 477 623 531 687; x_wconf 82' lang='lat' dir='ltr'>Ita</span> <span class='ocrx_word' id='word_1_3' title='bbox 553 620 673 687; x_wconf 87' lang='lat' dir='ltr'>statim</span> <span class='ocrx_word' id='word_1_4' title='bbox 695 623 787 685; x_wconf 86' lang='lat' dir='ltr'>stant</span> <span class='ocrx_word' id='word_1_5' title='bbox 810 619 911 703; x_wconf 84' lang='lat' dir='ltr'>signa</span> <span class='ocrx_word' id='word_1_6' title='bbox 932 639 1042 704; x_wconf 88' lang='lat' dir='ltr'>neque</span> <span class='ocrx_word' id='word_1_7' title='bbox 1065 637 1133 682; x_wconf 85' lang='lat' dir='ltr'>nox</span> <span class='ocrx_word' id='word_1_8' title='bbox 1148 636 1322 702; x_wconf 83' lang='lat' dir='ltr'>quoquam</span> <span class='ocrx_word' id='word_1_9' title='bbox 1338 638 1418 683; x_wconf 84' lang='lat' dir='ltr'>con-</span> 
     </span>
    </p>

    <p class='ocr_par' dir='ltr' id='par_1_3' title="bbox 1175 729 1374 794">
     <span class='ocr_line' id='line_1_3' title="bbox 1175 729 1374 794; baseline -0.005 0"><span class='ocrx_word' id='word_1_10' title='bbox 1175 729 1266 794; x_wconf 85' lang='lat' dir='ltr'>eedit</span> <span class='ocrx_word' id='word_1_11' title='bbox 1288 729 1374 794; x_wconf 89' lang='lat' dir='ltr'>die.“</span> 
     </span>
    </p>

    <p class='ocr_par' dir='ltr' id='par_1_4' title="bbox 391 838 1415 1258">
     <span class='ocr_line' id='line_1_4' title="bbox 479 838 1415 926; baseline -0.004 -18"><span class='ocrx_word' id='word_1_12' title='bbox 479 841 565 909; x_wconf 85' lang='lat' dir='ltr'>Cum</span> <span class='ocrx_word' id='word_1_13' title='bbox 598 842 665 906; x_wconf 90' lang='lat' dir='ltr'>hoo</span> <span class='ocrx_word' id='word_1_14' title='bbox 691 840 767 905; x_wconf 86' lang='lat' dir='ltr'>loeo</span> <span class='ocrx_word' id='word_1_15' title='bbox 791 838 997 906; x_wconf 87' lang='lat' dir='ltr'>Sohusterus</span> <span class='ocrx_word' id='word_1_16' title='bbox 1020 839 1057 922; x_wconf 83' lang='lat'>(1.</span> <span class='ocrx_word' id='word_1_17' title='bbox 1075 859 1100 905; x_wconf 90' lang='lat' dir='ltr'>s.</span> <span class='ocrx_word' id='word_1_18' title='bbox 1118 859 1143 904; x_wconf 93' lang='lat' dir='ltr'>s.</span> <span class='ocrx_word' id='word_1_19' title='bbox 1161 858 1192 924; x_wconf 90' lang='lat' dir='ltr'>p.</span> <span class='ocrx_word' id='word_1_20' title='bbox 1213 844 1251 906; x_wconf 90' lang='lat'>10</span> <span class='ocrx_word' id='word_1_21' title='bbox 1267 842 1334 924; x_wconf 88' lang='lat' dir='ltr'>sq.)</span> <span class='ocrx_word' id='word_1_22' title='bbox 1357 859 1415 926; x_wconf 82' lang='lat' dir='ltr'>ep·</span> 
     </span>
     <span class='ocr_line' id='line_1_5' title="bbox 391 951 1413 1037; baseline -0.002 -19"><span class='ocrx_word' id='word_1_23' title='bbox 391 953 523 1019; x_wconf 77' lang='lat' dir='ltr'>tissime</span> <span class='ocrx_word' id='word_1_24' title='bbox 559 952 623 1017; x_wconf 90' lang='lat' dir='ltr'>hos</span> <span class='ocrx_word' id='word_1_25' title='bbox 657 970 776 1016; x_wconf 91' lang='lat' dir='ltr'>versus</span> <span class='ocrx_word' id='word_1_26' title='bbox 810 951 1017 1036; x_wconf 86' lang='lat' dir='ltr'>Euripideos</span> <span class='ocrx_word' id='word_1_27' title='bbox 1053 955 1245 1035; x_wconf 82' lang='lat' dir='ltr'>comparat,</span> <span class='ocrx_word' id='word_1_28' title='bbox 1290 951 1413 1037; x_wconf 89' lang='lat' dir='ltr'>quibus</span> 
     </span>
     <span class='ocr_line' id='line_1_6' title="bbox 392 1061 1410 1144; baseline -0.004 -16"><span class='ocrx_word' id='word_1_29' title='bbox 392 1085 469 1129; x_wconf 90' lang='lat' dir='ltr'>oum</span> <span class='ocrx_word' id='word_1_30' title='bbox 504 1063 591 1128; x_wconf 85' lang='lat' dir='ltr'>aliae</span> <span class='ocrx_word' id='word_1_31' title='bbox 624 1066 698 1127; x_wconf 90' lang='lat' dir='ltr'>tum</span> <span class='ocrx_word' id='word_1_32' title='bbox 732 1062 869 1126; x_wconf 86' lang='lat' dir='ltr'>eaedem</span> <span class='ocrx_word' id='word_1_33' title='bbox 903 1061 1022 1127; x_wconf 84' lang='lat' dir='ltr'>stellae</span> <span class='ocrx_word' id='word_1_34' title='bbox 1056 1065 1300 1126; x_wconf 77' lang='lat' dir='ltr'><strong>enumerantur</strong></span> <span class='ocrx_word' id='word_1_35' title='bbox 1325 1062 1410 1144; x_wconf 86' lang='lat' dir='ltr'>(Ion.</span> 
     </span>
     <span class='ocr_line' id='line_1_7' title="bbox 394 1174 683 1258; baseline -0.007 -20"><span class='ocrx_word' id='word_1_36' title='bbox 394 1193 460 1240; x_wconf 87' lang='lat' dir='ltr'>vss.</span> <span class='ocrx_word' id='word_1_37' title='bbox 480 1178 561 1238; x_wconf 85' lang='lat'>1147</span> <span class='ocrx_word' id='word_1_38' title='bbox 578 1174 683 1258; x_wconf 89' lang='lat' dir='ltr'>sqq.):</span> 
     </span>
    </p>

    <p class='ocr_par' dir='ltr' id='par_1_5' title="bbox 478 1280 1286 1367">
     <span class='ocr_line' id='line_1_8' title="bbox 478 1280 1286 1367; baseline -0.004 -21"><span class='ocrx_word' id='word_1_39' title='bbox 478 1283 643 1366; x_wconf 63' lang='grc' dir='ltr'>,Οὐρανὸς</span> <span class='ocrx_word' id='word_1_40' title='bbox 665 1282 829 1366; x_wconf 74' lang='grc' dir='ltr'><em>ἀθροίζων</em></span> <span class='ocrx_word' id='word_1_41' title='bbox 850 1281 939 1366; x_wconf 73' lang='grc' dir='ltr'><em>ἄστρ’</em></span> <span class='ocrx_word' id='word_1_42' title='bbox 962 1281 997 1344; x_wconf 75' lang='grc' dir='ltr'>ἐν</span> <span class='ocrx_word' id='word_1_43' title='bbox 1019 1283 1152 1366; x_wconf 77' lang='grc' dir='ltr'><strong><em>αἰθέρος</em></strong></span> <span class='ocrx_word' id='word_1_44' title='bbox 1173 1280 1286 1367; x_wconf 81' lang='grc' dir='ltr'><strong><em>κύκλῳ·</em></strong></span> 
     </span>
    </p>

    <p class='ocr_par' dir='ltr' id='par_1_6' title="bbox 476 1390 1215 1477">
     <span class='ocr_line' id='line_1_9' title="bbox 476 1390 1215 1477; baseline -0.005 -19"><span class='ocrx_word' id='word_1_45' title='bbox 476 1402 597 1468; x_wconf 79' lang='grc' dir='ltr'><strong><em>ἵππους</em></strong></span> <span class='ocrx_word' id='word_1_46' title='bbox 617 1393 679 1475; x_wconf 77' lang='grc' dir='ltr'>μὲν</span> <span class='ocrx_word' id='word_1_47' title='bbox 701 1392 812 1476; x_wconf 72' lang='grc' dir='ltr'><em>ἤλαυν’</em></span> <span class='ocrx_word' id='word_1_48' title='bbox 834 1395 879 1467; x_wconf 79' lang='grc' dir='ltr'>εἷς</span> <span class='ocrx_word' id='word_1_49' title='bbox 901 1391 1086 1455; x_wconf 75' lang='grc' dir='ltr'><em>τελευταίαν</em></span> <span class='ocrx_word' id='word_1_50' title='bbox 1109 1390 1215 1477; x_wconf 73' lang='grc' dir='ltr'><em>φλόγα</em></span> 
     </span>
    </p>

    <p class='ocr_par' dir='ltr' id='par_1_7' title="bbox 471 1501 1217 1588">
     <span class='ocr_line' id='line_1_10' title="bbox 471 1501 1217 1588; baseline -0.004 -19"><span class='ocrx_word' id='word_1_51' title='bbox 471 1505 588 1580; x_wconf 81' lang='grc' dir='ltr'><em>Ἥλιος,</em></span> <span class='ocrx_word' id='word_1_52' title='bbox 612 1503 757 1588; x_wconf 76' lang='grc' dir='ltr'><strong><em>ἐφέλκων</em></strong></span> <span class='ocrx_word' id='word_1_53' title='bbox 778 1502 931 1586; x_wconf 88' lang='grc' dir='ltr'><em>λαμπρὸν</em></span> <span class='ocrx_word' id='word_1_54' title='bbox 952 1501 1101 1583; x_wconf 78' lang='grc' dir='ltr'><em>Ἑσπέρου</em></span> <span class='ocrx_word' id='word_1_55' title='bbox 1124 1503 1217 1587; x_wconf 77' lang='grc' dir='ltr'><em>φάος,</em></span> 
     </span>
    </p>

    <p class='ocr_par' dir='ltr' id='par_1_8' title="bbox 393 1612 1200 1699">
     <span class='ocr_line' id='line_1_11' title="bbox 393 1612 1200 1699; baseline -0.01 -15"><span class='ocrx_word' id='word_1_56' title='bbox 393 1622 484 1684; x_wconf 85' lang='lat'>1150.</span> <span class='ocrx_word' id='word_1_57' title='bbox 507 1614 737 1697; x_wconf 78' lang='grc' dir='ltr'><em>μελάμπεπλος</em></span> <span class='ocrx_word' id='word_1_58' title='bbox 760 1612 795 1676; x_wconf 80' lang='grc' dir='ltr'>δὲ</span> <span class='ocrx_word' id='word_1_59' title='bbox 816 1614 887 1687; x_wconf 80' lang='grc' dir='ltr'>Νὺξ</span> <span class='ocrx_word' id='word_1_60' title='bbox 904 1613 1078 1699; x_wconf 73' lang='grc' dir='ltr'><em>α’σείροινον</em></span> <span class='ocrx_word' id='word_1_61' title='bbox 1097 1614 1200 1693; x_wconf 78' lang='grc' dir='ltr'><em>ζυγοῖς</em></span> 
     </span>
    </p>

    <p class='ocr_par' dir='ltr' id='par_1_9' title="bbox 476 1723 1176 1810">
     <span class='ocr_line' id='line_1_12' title="bbox 476 1723 1176 1810; baseline -0.003 -21"><span class='ocrx_word' id='word_1_62' title='bbox 476 1725 567 1810; x_wconf 73' lang='grc' dir='ltr'><em>ὄχημ’</em></span> <span class='ocrx_word' id='word_1_63' title='bbox 587 1724 737 1800; x_wconf 77' lang='grc' dir='ltr'><em>ἔπαλλεν,</em></span> <span class='ocrx_word' id='word_1_64' title='bbox 760 1725 864 1807; x_wconf 75' lang='grc' dir='ltr'><em>οῗσιρα</em></span> <span class='ocrx_word' id='word_1_65' title='bbox 886 1723 916 1787; x_wconf 78' lang='grc' dir='ltr'>δ’</span> <span class='ocrx_word' id='word_1_66' title='bbox 939 1724 1078 1808; x_wconf 71' lang='grc' dir='ltr'><em>ὡμάρτει</em></span> <span class='ocrx_word' id='word_1_67' title='bbox 1100 1727 1176 1805; x_wconf 79' lang='grc' dir='ltr'><em>θεᾷ·</em></span> 
     </span>
    </p>

    <p class='ocr_par' dir='ltr' id='par_1_10' title="bbox 475 1833 1184 1922">
     <span class='ocr_line' id='line_1_13' title="bbox 475 1833 1184 1922; baseline 0.001 -24"><span class='ocrx_word' id='word_1_68' title='bbox 475 1835 597 1910; x_wconf 80' lang='grc' dir='ltr'><em>Πλειὰς</em></span> <span class='ocrx_word' id='word_1_69' title='bbox 622 1836 682 1917; x_wconf 75' lang='grc' dir='ltr'>μὲν</span> <span class='ocrx_word' id='word_1_70' title='bbox 706 1833 752 1922; x_wconf 82' lang='grc' dir='ltr'>ᾔει</span> <span class='ocrx_word' id='word_1_71' title='bbox 773 1836 952 1922; x_wconf 83' lang='grc' dir='ltr'><em>μεσοπόρου</em></span> <span class='ocrx_word' id='word_1_72' title='bbox 975 1834 1018 1897; x_wconf 80' lang='grc' dir='ltr'>δι’</span> <span class='ocrx_word' id='word_1_73' title='bbox 1041 1837 1184 1920; x_wconf 77' lang='grc' dir='ltr'><em>αἰθέρος,</em></span> 
     </span>
    </p>

    <p class='ocr_par' dir='ltr' id='par_1_11' title="bbox 476 1945 1050 2032">
     <span class='ocr_line' id='line_1_14' title="bbox 476 1945 1050 2032; baseline -0.005 -21"><span class='ocrx_word' id='word_1_74' title='bbox 476 1948 493 2011; x_wconf 86' lang='grc' dir='ltr'>ὅ</span> <span class='ocrx_word' id='word_1_75' title='bbox 517 1971 549 2010; x_wconf 80' lang='grc' dir='ltr'>τε</span> <span class='ocrx_word' id='word_1_76' title='bbox 572 1947 703 2032; x_wconf 75' lang='grc' dir='ltr'><em>ξιφήρης</em></span> <span class='ocrx_word' id='word_1_77' title='bbox 725 1947 845 2027; x_wconf 84' lang='grc' dir='ltr'><em>Ὠρίων,</em></span> <span class='ocrx_word' id='word_1_78' title='bbox 869 1946 992 2031; x_wconf 72' lang='grc' dir='ltr'><em>ὕπερθε</em></span> <span class='ocrx_word' id='word_1_79' title='bbox 1015 1945 1050 2009; x_wconf 75' lang='grc' dir='ltr'>δὲ</span> 
     </span>
    </p>

    <p class='ocr_par' dir='ltr' id='par_1_12' title="bbox 471 2054 1374 2142">
     <span class='ocr_line' id='line_1_15' title="bbox 471 2054 1374 2142; baseline -0.003 -21"><span class='ocrx_word' id='word_1_80' title='bbox 471 2057 601 2141; x_wconf 83' lang='grc' dir='ltr'>’Ἁρκτος</span> <span class='ocrx_word' id='word_1_81' title='bbox 624 2056 790 2142; x_wconf 70' lang='grc' dir='ltr'><em>σερέφοοσ</em></span> <span class='ocrx_word' id='word_1_82' title='bbox 811 2054 927 2140; x_wconf 75' lang='grc' dir='ltr'><em>οὐραῖα</em></span> <span class='ocrx_word' id='word_1_83' title='bbox 948 2057 1091 2140; x_wconf 66' lang='grc' dir='ltr'><em>χροσλρει</em></span> <span class='ocrx_word' id='word_1_84' title='bbox 1113 2055 1235 2141; x_wconf 56' lang='grc' dir='ltr'>πόλῳ]ι</span> <span class='ocrx_word' id='word_1_85' title='bbox 1259 2081 1286 2120; x_wconf 89' lang='grc' dir='ltr'>κ,</span> <span class='ocrx_word' id='word_1_86' title='bbox 1303 2081 1329 2119; x_wconf 82' lang='grc' dir='ltr'>τ,</span> <span class='ocrx_word' id='word_1_87' title='bbox 1346 2056 1374 2118; x_wconf 92' lang='grc' dir='ltr'>λ,</span> 
     </span>
    </p>

    <p class='ocr_par' dir='ltr' id='par_1_13' title="bbox 389 2167 1416 2807">
     <span class='ocr_line' id='line_1_16' title="bbox 475 2167 1414 2254; baseline -0.003 -19"><span class='ocrx_word' id='word_1_88' title='bbox 475 2174 528 2235; x_wconf 90' lang='lat' dir='ltr'>Ac</span> <span class='ocrx_word' id='word_1_89' title='bbox 551 2168 650 2235; x_wconf 83' lang='lat' dir='ltr'>stella</span> <span class='ocrx_word' id='word_1_90' title='bbox 672 2188 760 2254; x_wconf 86' lang='lat' dir='ltr'>quae</span> <span class='ocrx_word' id='word_1_91' title='bbox 783 2169 875 2254; x_wconf 85' lang='lat' dir='ltr'>apud</span> <span class='ocrx_word' id='word_1_92' title='bbox 898 2169 1100 2254; x_wconf 85' lang='lat' dir='ltr'>Euripidem</span> <span class='ocrx_word' id='word_1_93' title='bbox 1123 2169 1250 2233; x_wconf 89' lang='lat' dir='ltr'>dicitur</span> <span class='ocrx_word' id='word_1_94' title='bbox 1265 2167 1414 2253; x_wconf 84' lang='grc' dir='ltr'><em>Ἕσπερος</em></span> 
     </span>
     <span class='ocr_line' id='line_1_17' title="bbox 390 2280 1414 2366; baseline 0 -20"><span class='ocrx_word' id='word_1_95' title='bbox 390 2283 437 2365; x_wconf 85' lang='lat' dir='ltr'>(v.</span> <span class='ocrx_word' id='word_1_96' title='bbox 456 2281 563 2364; x_wconf 82' lang='lat'>1149),</span> <span class='ocrx_word' id='word_1_97' title='bbox 587 2281 705 2345; x_wconf 89' lang='lat' dir='ltr'>eadem</span> <span class='ocrx_word' id='word_1_98' title='bbox 728 2283 843 2345; x_wconf 84' lang='lat' dir='ltr'>osteo</span> <span class='ocrx_word' id='word_1_99' title='bbox 866 2280 1065 2364; x_wconf 77' lang='lat' dir='ltr'>Vesperugo</span> <span class='ocrx_word' id='word_1_100' title='bbox 1089 2280 1134 2362; x_wconf 87' lang='lat' dir='ltr'>(v.</span> <span class='ocrx_word' id='word_1_101' title='bbox 1153 2281 1247 2363; x_wconf 77' lang='lat'>275),</span> <span class='ocrx_word' id='word_1_102' title='bbox 1276 2281 1317 2345; x_wconf 92' lang='lat' dir='ltr'>de</span> <span class='ocrx_word' id='word_1_103' title='bbox 1345 2301 1414 2366; x_wconf 86' lang='lat' dir='ltr'>qua</span> 
     </span>
     <span class='ocr_line' id='line_1_18' title="bbox 393 2390 1416 2476; baseline 0 -19"><span class='ocrx_word' id='word_1_104' title='bbox 393 2392 504 2457; x_wconf 88' lang='lat' dir='ltr'>Varro</span> <span class='ocrx_word' id='word_1_105' title='bbox 528 2391 620 2476; x_wconf 86' lang='lat' dir='ltr'>apud</span> <span class='ocrx_word' id='word_1_106' title='bbox 643 2391 880 2475; x_wconf 85' lang='lat' dir='ltr'>Augustinum</span> <span class='ocrx_word' id='word_1_107' title='bbox 902 2391 960 2473; x_wconf 83' lang='lat' dir='ltr'>(de</span> <span class='ocrx_word' id='word_1_108' title='bbox 983 2391 1046 2456; x_wconf 89' lang='lat' dir='ltr'>civ.</span> <span class='ocrx_word' id='word_1_109' title='bbox 1068 2391 1123 2455; x_wconf 93' lang='lat' dir='ltr'>dei</span> <span class='ocrx_word' id='word_1_110' title='bbox 1144 2390 1241 2472; x_wconf 82' lang='lat' dir='ltr'>XXI,</span> <span class='ocrx_word' id='word_1_111' title='bbox 1265 2394 1300 2474; x_wconf 88' lang='grc'>8)</span> <span class='ocrx_word' id='word_1_112' title='bbox 1323 2391 1416 2457; x_wconf 83' lang='lat' dir='ltr'>affir-</span> 
     </span>
     <span class='ocr_line' id='line_1_19' title="bbox 389 2501 1414 2586; baseline 0 -18"><span class='ocrx_word' id='word_1_113' title='bbox 389 2506 461 2568; x_wconf 84' lang='lat' dir='ltr'>mat</span> <span class='ocrx_word' id='word_1_114' title='bbox 483 2503 581 2568; x_wconf 85' lang='lat' dir='ltr'>haee:</span> <span class='ocrx_word' id='word_1_115' title='bbox 606 2501 725 2583; x_wconf 82' lang='lat' dir='ltr'>„stella</span> <span class='ocrx_word' id='word_1_116' title='bbox 750 2502 891 2568; x_wconf 88' lang='lat' dir='ltr'>Veneris</span> <span class='ocrx_word' id='word_1_117' title='bbox 915 2502 1131 2567; x_wconf 84' lang='lat' dir='ltr'>nobilissima</span> <span class='ocrx_word' id='word_1_118' title='bbox 1152 2521 1257 2586; x_wconf 84' lang='lat' dir='ltr'>quam</span> <span class='ocrx_word' id='word_1_119' title='bbox 1272 2503 1414 2569; x_wconf 87' lang='lat' dir='ltr'>Plautus</span> 
     </span>
     <span class='ocr_line' id='line_1_20' title="bbox 391 2612 1413 2699; baseline 0.001 -21"><span class='ocrx_word' id='word_1_120' title='bbox 391 2613 637 2696; x_wconf 76' lang='lat' dir='ltr'>vesperupioem,</span> <span class='ocrx_word' id='word_1_121' title='bbox 660 2613 832 2678; x_wconf 83' lang='lat' dir='ltr'>Homerus</span> <span class='ocrx_word' id='word_1_122' title='bbox 848 2613 1028 2696; x_wconf 85' lang='lat' dir='ltr'>Hesperon</span> <span class='ocrx_word' id='word_1_123' title='bbox 1044 2612 1231 2698; x_wconf 78' lang='lat' dir='ltr'>appellat‘3</span> <span class='ocrx_word' id='word_1_124' title='bbox 1254 2613 1413 2699; x_wconf 87' lang='lat' dir='ltr'>idemque</span> 
     </span>
     <span class='ocr_line' id='line_1_21' title="bbox 390 2723 1104 2807; baseline -0.001 -18"><span class='ocrx_word' id='word_1_125' title='bbox 390 2724 551 2790; x_wconf 90' lang='lat' dir='ltr'>similiter</span> <span class='ocrx_word' id='word_1_126' title='bbox 573 2724 615 2788; x_wconf 89' lang='lat' dir='ltr'>de</span> <span class='ocrx_word' id='word_1_127' title='bbox 637 2723 720 2807; x_wconf 83' lang='lat' dir='ltr'>ling.</span> <span class='ocrx_word' id='word_1_128' title='bbox 744 2723 818 2788; x_wconf 83' lang='lat' dir='ltr'>Lat.</span> <span class='ocrx_word' id='word_1_129' title='bbox 835 2724 912 2804; x_wconf 81' lang='lat' dir='ltr'>VII,</span> <span class='ocrx_word' id='word_1_130' title='bbox 937 2727 970 2804; x_wconf 80' lang='lat'>33</span> <span class='ocrx_word' id='word_1_131' title='bbox 994 2724 1052 2804; x_wconf 84' lang='lat' dir='ltr'>VI,</span> <span class='ocrx_word' id='word_1_132' title='bbox 1077 2728 1104 2789; x_wconf 74' lang='grc' dir='ltr'>λ.</span> 
     </span>
    </p>

    <p class='ocr_par' dir='ltr' id='par_1_14' title="bbox 390 2834 1411 3254">
     <span class='ocr_line' id='line_1_22' title="bbox 476 2834 1411 2921; baseline 0.001 -21"><span class='ocrx_word' id='word_1_133' title='bbox 476 2835 586 2900; x_wconf 90' lang='lat' dir='ltr'>Porro</span> <span class='ocrx_word' id='word_1_134' title='bbox 609 2835 793 2920; x_wconf 81' lang='lat' dir='ltr'>respondet</span> <span class='ocrx_word' id='word_1_135' title='bbox 814 2834 936 2908; x_wconf 85' lang='grc' dir='ltr'><em>Πλειὰς</em></span> <span class='ocrx_word' id='word_1_136' title='bbox 958 2836 1012 2900; x_wconf 90' lang='lat' dir='ltr'>vel</span> <span class='ocrx_word' id='word_1_137' title='bbox 1027 2834 1186 2909; x_wconf 79' lang='grc' dir='ltr'><em>Πλειάδες</em></span> <span class='ocrx_word' id='word_1_138' title='bbox 1206 2837 1297 2921; x_wconf 84' lang='lat' dir='ltr'>apud</span> <span class='ocrx_word' id='word_1_139' title='bbox 1313 2837 1411 2901; x_wconf 87' lang='lat' dir='ltr'>Euri-</span> 
     </span>
     <span class='ocr_line' id='line_1_23' title="bbox 390 2945 1408 3032; baseline -0.003 -21"><span class='ocrx_word' id='word_1_140' title='bbox 390 2947 505 3032; x_wconf 92' lang='lat' dir='ltr'>pidem</span> <span class='ocrx_word' id='word_1_141' title='bbox 530 2946 640 3028; x_wconf 78' lang='lat'>(1152)</span> <span class='ocrx_word' id='word_1_142' title='bbox 663 2945 828 3030; x_wconf 83' lang='lat' dir='ltr'>Vergiliis</span> <span class='ocrx_word' id='word_1_143' title='bbox 851 2947 896 3028; x_wconf 92' lang='lat' dir='ltr'>(v.</span> <span class='ocrx_word' id='word_1_144' title='bbox 914 2949 1007 3028; x_wconf 78' lang='lat'>275):</span> <span class='ocrx_word' id='word_1_145' title='bbox 1042 2947 1083 3010; x_wconf 92' lang='lat' dir='ltr'>de</span> <span class='ocrx_word' id='word_1_146' title='bbox 1111 2947 1237 3031; x_wconf 90' lang='lat' dir='ltr'>quibus</span> <span class='ocrx_word' id='word_1_147' title='bbox 1266 2966 1408 3032; x_wconf 84' lang='lat' dir='ltr'>querum</span> 
     </span>
     <span class='ocr_line' id='line_1_24' title="bbox 391 3055 1407 3141; baseline -0.004 -18"><span class='ocrx_word' id='word_1_148' title='bbox 391 3061 469 3123; x_wconf 88' lang='lat' dir='ltr'>ortu</span> <span class='ocrx_word' id='word_1_149' title='bbox 492 3059 594 3123; x_wconf 86' lang='lat' dir='ltr'>Festo</span> <span class='ocrx_word' id='word_1_150' title='bbox 616 3059 702 3122; x_wconf 89' lang='lat' dir='ltr'>teste</span> <span class='ocrx_word' id='word_1_151' title='bbox 725 3077 783 3122; x_wconf 89' lang='lat' dir='ltr'>ver</span> <span class='ocrx_word' id='word_1_152' title='bbox 804 3055 938 3137; x_wconf 86' lang='lat' dir='ltr'>finitur,</span> <span class='ocrx_word' id='word_1_153' title='bbox 963 3056 1003 3122; x_wconf 88' lang='lat' dir='ltr'>of.</span> <span class='ocrx_word' id='word_1_154' title='bbox 1029 3055 1098 3123; x_wconf 81' lang='lat' dir='ltr'>Cio.</span> <span class='ocrx_word' id='word_1_155' title='bbox 1121 3060 1210 3141; x_wconf 92' lang='lat' dir='ltr'>poet.</span> <span class='ocrx_word' id='word_1_156' title='bbox 1236 3059 1276 3122; x_wconf 92' lang='lat' dir='ltr'>de</span> <span class='ocrx_word' id='word_1_157' title='bbox 1299 3059 1407 3122; x_wconf 84' lang='lat' dir='ltr'>netur.</span> 
     </span>
     <span class='ocr_line' id='line_1_25' title="bbox 392 3168 1335 3254; baseline -0.002 -20"><span class='ocrx_word' id='word_1_158' title='bbox 392 3171 482 3234; x_wconf 88' lang='lat' dir='ltr'>deor.</span> <span class='ocrx_word' id='word_1_159' title='bbox 499 3169 544 3249; x_wconf 90' lang='grc' dir='ltr'>ΙΙ,</span> <span class='ocrx_word' id='word_1_160' title='bbox 569 3173 619 3249; x_wconf 89' lang='grc'>44,</span> <span class='ocrx_word' id='word_1_161' title='bbox 645 3171 721 3248; x_wconf 79' lang='lat'>1123</span> <span class='ocrx_word' id='word_1_162' title='bbox 745 3168 917 3234; x_wconf 90' lang='lat' dir='ltr'>Prellerus</span> <span class='ocrx_word' id='word_1_163' title='bbox 941 3169 1050 3252; x_wconf 88' lang='lat' dir='ltr'>Myth.</span> <span class='ocrx_word' id='word_1_164' title='bbox 1075 3169 1176 3233; x_wconf 81' lang='lat' dir='ltr'>Rom2</span> <span class='ocrx_word' id='word_1_165' title='bbox 1199 3189 1232 3254; x_wconf 90' lang='lat' dir='ltr'>p.</span> <span class='ocrx_word' id='word_1_166' title='bbox 1250 3173 1335 3252; x_wconf 80' lang='lat'>291).</span> 
     </span>
    </p>

    <p class='ocr_par' dir='ltr' id='par_1_15' title="bbox 363 3279 1414 4143">
     <span class='ocr_line' id='line_1_26' title="bbox 477 3279 1414 3364; baseline 0.001 -20"><span class='ocrx_word' id='word_1_167' title='bbox 477 3279 647 3360; x_wconf 78' lang='lat' dir='ltr'>Quartum</span> <span class='ocrx_word' id='word_1_168' title='bbox 669 3279 776 3360; x_wconf 88' lang='lat' dir='ltr'>sidus,</span> <span class='ocrx_word' id='word_1_169' title='bbox 798 3279 911 3362; x_wconf 82' lang='grc' dir='ltr'><em>Ὠρίων</em></span> <span class='ocrx_word' id='word_1_170' title='bbox 934 3282 975 3360; x_wconf 88' lang='lat' dir='ltr'>(v.</span> <span class='ocrx_word' id='word_1_171' title='bbox 995 3281 1107 3364; x_wconf 88' lang='grc'>1153),</span> <span class='ocrx_word' id='word_1_172' title='bbox 1142 3300 1210 3345; x_wconf 93' lang='lat' dir='ltr'>non</span> <span class='ocrx_word' id='word_1_173' title='bbox 1239 3281 1414 3346; x_wconf 88' lang='lat' dir='ltr'>diversum</span> 
     </span>
     <span class='ocr_line' id='line_1_27' title="bbox 390 3388 1412 3474; baseline 0.002 -19"><span class='ocrx_word' id='word_1_174' title='bbox 390 3393 442 3456; x_wconf 91' lang='lat' dir='ltr'>est</span> <span class='ocrx_word' id='word_1_175' title='bbox 464 3411 484 3454; x_wconf 86' lang='lat' dir='ltr'>a</span> <span class='ocrx_word' id='word_1_176' title='bbox 506 3388 635 3474; x_wconf 77' lang='lat' dir='ltr'>iugulis</span> <span class='ocrx_word' id='word_1_177' title='bbox 659 3392 703 3470; x_wconf 87' lang='lat' dir='ltr'>(v.</span> <span class='ocrx_word' id='word_1_178' title='bbox 721 3390 808 3470; x_wconf 79' lang='lat'>275),</span> <span class='ocrx_word' id='word_1_179' title='bbox 832 3409 977 3474; x_wconf 82' lang='lat' dir='ltr'>querum</span> <span class='ocrx_word' id='word_1_180' title='bbox 1001 3389 1111 3455; x_wconf 87' lang='lat' dir='ltr'>stellis</span> <span class='ocrx_word' id='word_1_181' title='bbox 1128 3391 1247 3457; x_wconf 81' lang='lat' dir='ltr'>‚tribus</span> <span class='ocrx_word' id='word_1_182' title='bbox 1272 3391 1412 3457; x_wconf 87' lang='lat' dir='ltr'>Orionis</span> 
     </span>
     <span class='ocr_line' id='line_1_28' title="bbox 392 3500 1411 3586; baseline 0 -20"><span class='ocrx_word' id='word_1_183' title='bbox 392 3501 550 3586; x_wconf 86' lang='lat' dir='ltr'>iugulum</span> <span class='ocrx_word' id='word_1_184' title='bbox 573 3501 802 3585; x_wconf 83' lang='lat' dir='ltr'>compositum</span> <span class='ocrx_word' id='word_1_185' title='bbox 826 3505 877 3567; x_wconf 92' lang='lat' dir='ltr'>est</span> <span class='ocrx_word' id='word_1_186' title='bbox 893 3500 946 3584; x_wconf 82' lang='lat' dir='ltr'><strong>(cf.</strong></span> <span class='ocrx_word' id='word_1_187' title='bbox 964 3501 1075 3567; x_wconf 85' lang='lat' dir='ltr'>Varro</span> <span class='ocrx_word' id='word_1_188' title='bbox 1092 3503 1132 3567; x_wconf 92' lang='lat' dir='ltr'>de</span> <span class='ocrx_word' id='word_1_189' title='bbox 1147 3501 1168 3566; x_wconf 89' lang='lat' dir='ltr'>l.</span> <span class='ocrx_word' id='word_1_190' title='bbox 1186 3502 1260 3567; x_wconf 83' lang='lat' dir='ltr'>Lat.</span> <span class='ocrx_word' id='word_1_191' title='bbox 1273 3503 1350 3583; x_wconf 81' lang='lat' dir='ltr'>VII,</span> <span class='ocrx_word' id='word_1_192' title='bbox 1368 3509 1411 3583; x_wconf 84' lang='lat'>3).</span> 
     </span>
     <span class='ocr_line' id='line_1_29' title="bbox 383 3610 1412 3697; baseline 0.004 -24"><span class='ocrx_word' id='word_1_193' title='bbox 383 3610 513 3697; x_wconf 70' lang='grc' dir='ltr'>’Ἄρκτος</span> <span class='ocrx_word' id='word_1_194' title='bbox 535 3612 580 3695; x_wconf 83' lang='lat' dir='ltr'>(V.</span> <span class='ocrx_word' id='word_1_195' title='bbox 600 3615 695 3686; x_wconf 85' lang='lat'>1154)</span> <span class='ocrx_word' id='word_1_196' title='bbox 723 3612 869 3696; x_wconf 91' lang='lat' dir='ltr'>denique</span> <span class='ocrx_word' id='word_1_197' title='bbox 893 3613 1093 3678; x_wconf 86' lang='lat' dir='ltr'>aRomanis</span> <span class='ocrx_word' id='word_1_198' title='bbox 1109 3612 1205 3677; x_wconf 86' lang='lat' dir='ltr'>nulla</span> <span class='ocrx_word' id='word_1_199' title='bbox 1220 3612 1290 3677; x_wconf 86' lang='lat' dir='ltr'>alia</span> <span class='ocrx_word' id='word_1_200' title='bbox 1312 3612 1412 3678; x_wconf 87' lang='lat' dir='ltr'>stella</span> 
     </span>
     <span class='ocr_line' id='line_1_30' title="bbox 390 3721 1411 3808; baseline -0.004 -19"><span class='ocrx_word' id='word_1_201' title='bbox 390 3724 567 3789; x_wconf 82' lang='lat' dir='ltr'>dicebatur</span> <span class='ocrx_word' id='word_1_202' title='bbox 589 3723 656 3788; x_wconf 91' lang='lat' dir='ltr'>nisi</span> <span class='ocrx_word' id='word_1_203' title='bbox 680 3723 926 3806; x_wconf 83' lang='lat' dir='ltr'>septentriones</span> <span class='ocrx_word' id='word_1_204' title='bbox 950 3723 995 3806; x_wconf 85' lang='lat' dir='ltr'>(v.</span> <span class='ocrx_word' id='word_1_205' title='bbox 1014 3724 1109 3806; x_wconf 83' lang='grc'>273),</span> <span class='ocrx_word' id='word_1_206' title='bbox 1139 3723 1180 3788; x_wconf 87' lang='lat' dir='ltr'>de</span> <span class='ocrx_word' id='word_1_207' title='bbox 1208 3723 1333 3808; x_wconf 92' lang='lat' dir='ltr'>quibus</span> <span class='ocrx_word' id='word_1_208' title='bbox 1357 3721 1411 3788; x_wconf 84' lang='lat' dir='ltr'>Oi-</span> 
     </span>
     <span class='ocr_line' id='line_1_31' title="bbox 390 3834 1409 3916; baseline -0.002 -16"><span class='ocrx_word' id='word_1_209' title='bbox 390 3855 466 3900; x_wconf 89' lang='lat' dir='ltr'>cero</span> <span class='ocrx_word' id='word_1_210' title='bbox 491 3836 544 3916; x_wconf 88' lang='lat' dir='ltr'>(de</span> <span class='ocrx_word' id='word_1_211' title='bbox 566 3835 634 3898; x_wconf 83' lang='lat' dir='ltr'>nat.</span> <span class='ocrx_word' id='word_1_212' title='bbox 659 3834 750 3898; x_wconf 92' lang='lat' dir='ltr'>deor.</span> <span class='ocrx_word' id='word_1_213' title='bbox 767 3834 811 3914; x_wconf 95' lang='grc' dir='ltr'>ΙΙ,</span> <span class='ocrx_word' id='word_1_214' title='bbox 835 3839 886 3914; x_wconf 90' lang='grc'>41,</span> <span class='ocrx_word' id='word_1_215' title='bbox 913 3834 986 3916; x_wconf 88' lang='grc'>105)</span> <span class='ocrx_word' id='word_1_216' title='bbox 1010 3835 1094 3899; x_wconf 84' lang='lat' dir='ltr'>haee</span> <span class='ocrx_word' id='word_1_217' title='bbox 1116 3834 1237 3899; x_wconf 88' lang='lat' dir='ltr'>tradit:</span> <span class='ocrx_word' id='word_1_218' title='bbox 1268 3834 1409 3915; x_wconf 80' lang='lat' dir='ltr'>‚‚Huno“</span> 
     </span>
     <span class='ocr_line' id='line_1_32' title="bbox 363 3943 1412 4030; baseline -0.002 -20"><span class='ocrx_word' id='word_1_219' title='bbox 363 4025 365 4029; x_wconf 13' lang='grc' dir='ltr'><strong><em>ι</em></strong></span> <span class='ocrx_word' id='word_1_220' title='bbox 397 3983 428 3990; x_wconf 89' lang='grc'>-</span> <span class='ocrx_word' id='word_1_221' title='bbox 447 3945 518 4010; x_wconf 89' lang='lat' dir='ltr'>soil.</span> <span class='ocrx_word' id='word_1_222' title='bbox 534 3944 653 4030; x_wconf 90' lang='lat' dir='ltr'>polum</span> <span class='ocrx_word' id='word_1_223' title='bbox 669 3982 710 3992; x_wconf 88' lang='lat'><em>-</em></span> <span class='ocrx_word' id='word_1_224' title='bbox 727 3945 877 4026; x_wconf 81' lang='lat' dir='ltr'>„nircum</span> <span class='ocrx_word' id='word_1_225' title='bbox 893 3943 1002 4030; x_wconf 72' lang='grc' dir='ltr'><em>ἄρκτοι</em></span> <span class='ocrx_word' id='word_1_226' title='bbox 1017 3947 1104 4010; x_wconf 86' lang='lat' dir='ltr'>duee</span> <span class='ocrx_word' id='word_1_227' title='bbox 1125 3944 1292 4027; x_wconf 85' lang='lat' dir='ltr'>feruntur,</span> <span class='ocrx_word' id='word_1_228' title='bbox 1315 3965 1412 4010; x_wconf 93' lang='lat' dir='ltr'>num-</span> 
     </span>
     <span class='ocr_line' id='line_1_33' title="bbox 391 4058 719 4143; baseline -0.003 -22"><span class='ocrx_word' id='word_1_229' title='bbox 391 4076 495 4143; x_wconf 86' lang='lat' dir='ltr'>quam</span> <span class='ocrx_word' id='word_1_230' title='bbox 518 4058 719 4123; x_wconf 80' lang='lat' dir='ltr'>occidentes,</span> 
     </span>
    </p>
   </div>
   <div class='ocr_carea' id='block_1_3' title="bbox 0 0 1632 4900">
    <p class='ocr_par' dir='ltr' id='par_1_16' title="bbox 0 0 1632 4900">
     <span class='ocr_line' id='line_1_34' title="bbox 0 0 1632 4900; baseline 0 0"><span class='ocrx_word' id='word_1_231' title='bbox 0 0 1632 4900; x_wconf 95' lang='lat' dir='ltr'> </span> 
     </span>
    </p>
   </div>
  </div>
 </body>
</html>
