3256 4900
720 414 760 477 33

312 601 415 684 „Sed,
451 600 593 678 mulier,
627 603 813 685 postquam
836 597 1076 685 experrecta’S,
1110 603 1143 663 te
1174 618 1253 684 pro-

992 710 1114 797 digiali
1136 711 1211 776 Iovi

311 830 384 894 Aut
419 824 511 890 mola
545 824 637 890 salsa
671 825 774 890 hodie
812 826 872 888 aut
906 826 981 888 ture
1016 825 1254 908 conprecatam

1025 935 1209 1021 00011111.ιι

312 1049 412 1115 Sosia
446 1067 538 1126 erae,
573 1067 677 1133 quam
710 1067 741 1112 v.
770 1051 832 1113 738
866 1047 1093 1112 somniavisse
1127 1044 1252 1130 arguit,

229 1162 358 1241 suadet,
385 1163 424 1224 ut
446 1161 645 1244 experrecta
666 1158 742 1224 Iovi
764 1157 952 1243 prodigiali
974 1157 1102 1223 salsam
1125 1156 1252 1222 molam

234 1273 293 1336 aut
313 1274 369 1336 tus
392 1269 519 1349 offerat,
554 1289 596 1334 ue
629 1269 801 1334 somnium
828 1269 959 1333 evadat.
1003 1268 1061 1333 Ad
1083 1268 1254 1332 Romano·

232 1401 307 1446 rum
330 1384 438 1446 autem
462 1400 517 1446 res
541 1380 675 1445 divinas
691 1378 888 1444 referendae
903 1381 985 1446 sunt
999 1397 1114 1444 voces:
1140 1379 1253 1459 „mola

232 1492 341 1558 salsa“
365 1492 410 1575 (v.
428 1492 513 1573 740).
552 1491 708 1575 Namque
730 1491 823 1576 apud
839 1509 896 1556 eos
920 1490 1013 1556 salsa
1027 1489 1130 1570 mola,
1155 1489 1251 1555 cuius

229 1603 481 1689 componendae
503 1602 672 1667 rationem
696 1600 835 1668 Servius
858 1603 915 1685 (ad
930 1601 1032 1687 Verg.
1055 1601 1128 1667 Ecl.
1145 1605 1175 1681 8,
1198 1605 1252 1680 82)

228 1715 485 1780 accuratissime
508 1708 699 1798 descripsit,
734 1713 868 1779 hostiae
896 1714 1086 1779 caedendae
1113 1733 1252 1799 sparge-

227 1828 360 1892 bantur.
399 1825 515 1891 Etiam
537 1825 693 1890 homines
717 1825 860 1890 somniis
884 1826 986 1891 malis
1007 1825 1120 1890 territi
1139 1825 1175 1889 in
1198 1844 1251 1890 sa-

226 1937 413 2005 crificando
436 1937 530 2003 mola
552 1937 645 2002 salsa
667 1938 869 2003 utebantur:
893 1937 934 2003 cf.
957 1937 1030 2003 Tib.
1046 1938 1073 2018 Ι,
1091 1941 1120 2017 5,
1139 1940 1249 2020 13sq.:

314 2051 408 2135 „ipse
429 2049 615 2138 procuravi
637 2069 679 2113 ne
701 2051 842 2134 possent
863 2068 965 2114 saeva
987 2068 1108 2114 nocere

311 2161 447 2228 somnia
468 2164 520 2226 ter
543 2163 663 2226 sancta
685 2160 921 2225 deveneranda
944 2159 1072 2241 mola“;

313 2274 421 2359 Lygd.
438 2273 501 2352 ΙΙΙ,
525 2277 555 2351 4,
580 2277 678 2356 9sq.:

314 2388 366 2466 „et
385 2387 504 2450 natum
519 2384 555 2448 in
572 2403 672 2450 ouras
688 2383 867 2448 hominum
884 2385 991 2467 genus
1007 2382 1122 2447 omina
1137 2383 1248 2448 noetis

310 2495 401 2561 farre
423 2497 481 2581 pio
503 2495 644 2580 placant
666 2498 699 2560 et
720 2493 865 2560 saliente
887 2494 995 2574 sale“;
1042 2561 1044 2564 .

311 2606 454 2672 Martial
478 2611 507 2686 7,
531 2611 582 2687 54,
606 2611 640 2672 5:

313 2717 541 2802 „Consumpsi
564 2716 743 2804 salsasque
770 2718 881 2784 molas
910 2721 943 2784 et
965 2719 1053 2785 turis
1077 2723 1248 2785 acervos“.

309 2830 490 2894 Praeterea
506 2830 549 2894 ad
565 2830 801 2895 Romanorum
816 2830 904 2895 ritus
918 2830 1101 2915 religiosos
1118 2834 1250 2917 spectat

223 2942 431 3007 vocabulum
454 2942 627 3026 quoddam
651 2943 744 3027 quod
766 2942 915 3027 legimus
939 2963 968 3007 v.
986 2947 1062 3008 776:

311 3057 387 3118 775:
603 3052 783 3133 „Quaeso
808 3053 892 3138 quin
914 3057 952 3118 tu
974 3054 1086 3120 istanc
1107 3054 1205 3120 iubes

307 3163 375 3228 Pro
399 3163 524 3228 cerrita
546 3162 801 3228 circumferri“?

309 3274 501 3340 Alcumena
524 3275 615 3339 enim
636 3273 791 3361 professa
813 3293 849 3340 se
872 3295 893 3339 a
916 3275 1060 3361 coniuge
1087 3276 1158 3340 iam
1188 3296 1248 3361 pa-

225 3389 334 3450 teram
357 3404 497 3450 auream
519 3387 700 3469 accepisse,
725 3383 839 3466 Sosia,
863 3386 924 3471 qui
946 3387 1098 3452 cistellae
1120 3387 1156 3452 in
1179 3407 1248 3473 qua

223 3495 321 3560 illam
343 3496 455 3562 inesse
477 3501 586 3582 putat,
621 3498 760 3583 signum
783 3497 956 3582 integrum
979 3518 1053 3564 esse
1076 3500 1246 3584 coguovit,

224 3628 320 3672 erum
342 3608 542 3693 interrogat,
579 3628 640 3674 cur
672 3628 815 3674 uxorem
846 3628 911 3694 pro
946 3609 1070 3674 cerrita
1103 3610 1248 3675 circum-

223 3716 316 3798 ferri,
339 3719 361 3783 i.
379 3739 405 3784 0.
430 3740 470 3784 ex
492 3721 562 3785 ritu
586 3722 618 3784 et
641 3720 885 3804 superstitione
899 3725 1012 3785 vetere
1035 3739 1134 3786 sacro
1157 3719 1246 3786 facto

224 3829 368 3914 purgari
390 3832 423 3894 et
445 3830 601 3910 lustrari,
625 3849 694 3895 non
717 3831 842 3897 iubeat.
888 3830 964 3895 Vox
989 3829 1245 3909 „circumferre“

224 3932 276 4005 est
301 3942 443 4007 verbum
471 3940 668 4026 pontificale
695 3945 797 4026 atque
826 3962 846 4005 1
873 3941 1101 4025 scriptoribus
1124 3942 1247 4007 Roma-

223 4069 346 4115 norum
384 4050 605 4116 lustrationes
642 4050 823 4116 sollemnes
866 4051 1138 4118 describentibus
1175 4072 1247 4118 sae-

1026 4173 1043 4224 3
