3256 4900
810 372 964 468 „aa—

373 556 435 623 ubi
457 556 672 622 Nocturnum
694 557 864 638 nominat,
895 558 992 624 cuius
1020 558 1074 623 dei
1097 558 1229 625 cultum
1251 561 1400 626 Romani

374 669 418 734 ab
456 669 612 734 Etruscis
650 673 860 755 acceperant.
916 670 1011 735 Idem
1049 670 1152 735 etiam
1190 669 1398 738 Summanus

374 780 553 846 dicebatur
587 779 645 864 (cf.
681 781 888 848 Merckeiius
923 783 968 847 ad
1002 781 1100 847 Ovid.
1135 783 1228 848 Fast.
1261 802 1294 868 p.
1320 787 1395 864 2083

374 891 601 958 Mercklinius
635 893 704 958 ind.
735 895 877 979 Dorpat.
904 897 986 960 1862
1018 913 1050 979 p.
1076 895 1139 977 10).
1191 891 1397 960 Summanus

376 1022 396 1067 a
411 1003 534 1069 Plauto
553 1007 839 1070 commemoratur
854 1005 978 1070 Bacch.
997 1009 1058 1071 895
1075 1008 1108 1070 et
1124 1003 1398 1091 Cu1·c.413sqq.,

374 1114 434 1180 ubi
456 1115 630 1199 parasitus
653 1116 689 1180 in
712 1116 784 1182 eius
807 1117 945 1181 nominc
967 1117 1065 1182 ludit.

459 1227 530 1292 Nec
556 1247 637 1293 vero
664 1227 775 1294 solum
804 1229 846 1293 de
872 1229 1015 1293 deorum
1037 1229 1273 1293 Romanorum
1305 1227 1400 1292 cultu

374 1336 540 1403 nonnulla
567 1340 633 1405 hac
658 1337 777 1406 fabula
803 1340 1057 1425 cognoscimus,
1085 1360 1204 1405 verum
1233 1339 1336 1404 ctiam
1358 1339 1400 1403 de

374 1447 610 1515 Romanorum
641 1451 859 1516 caerimoniis
886 1451 1078 1537 ritibusque
1105 1450 1232 1516 divinis
1260 1450 1401 1535 quibus-

374 1558 454 1623 dam
477 1561 594 1625 eadem
616 1561 787 1626 docemur.

461 1672 514 1736 Ac
552 1691 582 1737 v,
616 1675 697 1739 1093
721 1692 771 1758 sq.
810 1673 952 1738 Bromia
989 1671 1115 1738 ancilla
1151 1671 1400 1757 Amphitruoni

377 1784 504 1862 narrat,
528 1783 610 1866 quid
633 1783 824 1848 Alcumena
847 1804 924 1849 cum
948 1783 1124 1849 doloribus
1158 1784 1194 1848 in
1223 1787 1320 1849 utero
1344 1803 1400 1848 ex-

375 1891 461 1958 ortis
485 1893 602 1958 vexari
625 1897 746 1979 coepta
768 1894 823 1975 sit,
847 1894 941 1960 domi
962 1893 1093 1960 fecerit:

463 2004 625 2084 „Invocat
640 2007 721 2072 deos
736 2005 954 2086 immortalis,
970 2009 1009 2071 ut
1020 2006 1087 2072 sibi
1099 2005 1268 2071 auxilium
1278 2005 1398 2086 ierant,

461 2115 624 2184 Manibus
646 2117 753 2202 puris
776 2118 888 2203 capite
910 2120 1060 2203 operto.“

461 2226 640 2294 Vocabula
661 2249 691 2294 r.
712 2233 794 2296 1094
822 2232 987 2294 extrema:
1024 2228 1155 2313 „capite
1182 2231 1321 2314 ope1t0“
1357 2229 1400 2293 ad

377 2358 508 2404 morem
530 2359 609 2404 vere
631 2340 825 2405 Romanum
846 2340 1018 2426 pertinent
1041 2338 1094 2422 (of.
1116 2340 1162 2404 M.
1180 2337 1398 2406 Schusterus:

379 2451 572 2534 „quomodo
605 2450 749 2516 Plautus
773 2451 890 2516 Attica
923 2450 1133 2536 exemplaria
1165 2450 1397 2516 transtulerit“

378 2560 460 2625 diss.
498 2561 614 2646 inaug.
655 2559 850 2647 Gryphisw.
893 2565 974 2628 1884
1017 2581 1048 2647 p.
1075 2567 1109 2641 93
1153 2560 1398 2645 Keseborgius:

376 2671 398 2736 l.
415 2690 441 2737 s.
459 2690 485 2736 s.
501 2691 533 2757 p.
552 2677 570 2737 6
587 2673 662 2757 sq).
708 2671 831 2738 Graeci
854 2673 945 2738 enim
968 2673 1079 2758 capite
1095 2676 1212 2759 aperto
1236 2670 1292 2756 (cf.
1308 2671 1398 2736 Plut.

379 2782 518 2864 Quaest.
546 2784 644 2848 Rom.
676 2784 728 2864 10)
763 2783 844 2850 deos
875 2786 1140 2865 venerabantur,
1174 2785 1239 2850 etsi
1272 2787 1401 2850 Aescu-

377 2895 509 2980 lapium
537 2896 637 2960 deum
671 2895 742 2960 eius
776 2895 813 2959 in
845 2896 972 2981 templo
999 2896 1201 2961 incubantes
1230 2896 1330 2960 ai'ter
1350 2895 1402 2960 vi-

378 3008 504 3072 dentur
537 3006 685 3072 coluisse
718 3005 777 3090 (of.
806 3007 983 3092 Aristoph.
1012 3007 1101 3072 Plut.
1125 3010 1187 3073 689
1204 3025 1294 3092 sqq.;
1324 3011 1384 3072 707
1392 3027 1400 3085 ;

376 3119 487 3185 Plaut.
502 3118 600 3186 Ourc.
615 3122 698 3200 389).
736 3120 785 3184 At
799 3119 948 3183 Romani
963 3137 1080 3183 omnes
1103 3118 1185 3183 deos
1202 3120 1400 3182 venerantes

378 3234 481 3316 caput
504 3233 719 3317 operuerunt,
743 3250 812 3317 qua
835 3232 876 3296 de
898 3251 935 3296 re
950 3230 1156 3296 Plutarchus
1172 3230 1312 3296 uberius
1333 3229 1401 3294 dis-

378 3342 514 3428 putavit
535 3342 678 3428 (quaest.
695 3343 793 3408 Rom.
810 3363 837 3408 c.
855 3347 889 3409 9:
913 3342 979 3404 Διὰ
999 3343 1030 3403 τί
1052 3341 1124 3414 τοὺς
1145 3340 1243 3413 θεοὺς
1263 3362 1402 3424 προσκυ-

378 3452 506 3526 νοῦντες
517 3451 793 3517 ἐπικαλύπτονται
804 3453 861 3537 τὴν
873 3451 1056 3539 samaiim-h
1074 3451 1113 3518 cf.
1130 3452 1233 3517 etiam
1246 3451 1400 3517 Macrob.

381 3563 517 3630 Saturn.
534 3565 598 3645 III,
622 3570 655 3645 63
680 3561 749 3629 Cio.
773 3565 814 3629 de
834 3567 902 3628 nat.
924 3565 1014 3629 deor.
1032 3564 1123 3644 11,3‚
1141 3568 1196 3643 ]0;
1219 3562 1320 3647 Prop.
1337 3561 1400 3640 ΙΙΙ,

380 3677 459 3756 2810,
483 3680 539 3756 453
563 3679 641 3741 acta
654 3673 750 3740 fratr.
768 3673 873 3740 arval.
892 3679 931 3741 79
955 3675 1019 3754 (ed.
1037 3674 1174 3758 Henz.):
1201 3674 1255 3754 „in
1270 3690 1401 3759 pronao

347 3778 349 3782 ’
379 3787 474 3852 aedis
498 3785 710 3853 Concordiae
743 3786 854 3851 velato
889 3786 1000 3871 capite
1032 3783 1240 3850 sacrificium
1270 3783 1401 3849 indixe

377 3901 489 3964 runt.“

464 4009 574 4074 Porro
596 4008 743 4094 legimus
766 4029 797 4075 v.
815 4012 876 4075 739
892 4029 957 4094 sq.:
