3256 4900
667 376 821 468 Q—

266 557 375 612 Herael.
394 575 434 612 vs.
453 559 504 612 836
516 575 587 625 sqq:
805 559 904 627 Amph.
923 575 963 613 ve.
982 559 1034 612 238
1046 575 1116 625 sqq:

232 642 288 709 „ed
322 637 458 722 δεύτερον
487 637 520 700 δὲ
555 642 628 712 ποῦς
662 636 719 699 ἕπ-
773 645 842 708 „Sed
859 644 954 714 fugam
975 643 1005 697 in
1023 659 1051 697 se
1073 649 1164 698 tamen
1181 659 1258 697 nemo

413 727 579 806 αλλαχθεῑς
599 722 684 795 ποδί,
1055 729 1225 782 convortitur

236 811 306 892 α’νὴρ
326 807 354 869 d'
371 808 418 870 ἔπ’
436 808 523 893 α’νδρῑ
541 814 613 883 στάς
631 808 719 892 ἒκαρ-
771 815 828 869 Nec
856 813 958 868 recedit
986 813 1043 868 loco
1073 814 1138 882 quin
1165 814 1258 867 statim

501 902 576 977 τέρει
593 901 685 976 μάχῃ·
1058 914 1114 953 rem
1132 903 1223 968 gerat:

234 981 340 1040 mellei
358 977 387 1040 δ”
404 981 563 1040 ἐ’πιπτον.“
771 984 900 1039 Animam
926 985 1057 1038 omittunt
1078 984 1153 1053 prius
1178 999 1258 1051 quam

983 1070 1039 1124 loco
1058 1069 1222 1139 demigrant:

772 1155 893 1224 Quisque
909 1159 941 1208 ut
959 1159 1082 1222 steterat,
1100 1156 1172 1210 iacet
1189 1153 1257 1222 opti·

957 1245 1057 1307 netque
1074 1241 1218 1295 ordinem.“

320 1344 424 1428 Apud
456 1347 639 1429 utrumque
672 1343 781 1429 igitur
805 1345 941 1428 poetam
975 1362 1109 1427 pugnas
1133 1343 1258 1408 descri-

234 1455 368 1519 bentem
384 1456 549 1539 quoniam
564 1455 750 1522 sententiae
769 1455 858 1519 inter
881 1473 917 1519 se
932 1453 1063 1520 similes
1085 1453 1256 1538 leguntur,

233 1565 324 1630 hanc
359 1569 468 1630 totam
504 1567 800 1634 narratiunculam
834 1588 909 1633 eum
945 1566 1112 1632 Lorenzio
1147 1566 1258 1632 dicere

234 1695 302 1740 non
339 1696 537 1760 possumus:
583 1679 659 1757 „ein
696 1680 774 1744 eoht
810 1679 999 1744 rdmisohes
1037 1676 1258 1744 Schlachten·

234 1787 420 1871 gomalde.“
457 1789 536 1854 Huc
559 1789 689 1854 accedit
710 1790 803 1875 qnod
826 1810 856 1853 v.
874 1793 935 1856 243
959 1789 1089 1873 equites
1105 1788 1259 1854 Thebani

234 1898 277 1963 ab
301 1899 553 1984 Amphitruone
584 1900 788 1966 iubentura
821 1903 918 1984 parte
941 1901 1061 1965 dextra
1093 1900 1259 1984 impetum

233 2008 270 2072 in
300 2009 415 2075 hostes
443 2008 562 2075 faeere.
608 2011 703 2076 Haeo
737 2012 864 2095 optime
899 2011 1083 2075 concinunt
1116 2013 1149 2074 et
1182 2030 1259 2075 cum

233 2120 466 2186 Romanorum
482 2121 660 2207 pugnandi
675 2121 919 2187 consuetudine
934 2125 967 2186 et
979 2141 1057 2186 oum
1070 2120 1259 2185 Alexandri

233 2232 353 2317 Magni
375 2233 509 2297 ratione
531 2234 568 2298 in
590 2233 730 2318 proeliis
753 2233 884 2318 equites
907 2253 928 2298 a
951 2253 1058 2298 cornu
1080 2233 1199 2298 dextro
1222 2233 1260 2297 in

232 2343 349 2409 hostes
371 2344 588 2409 immittendi.
633 2342 699 2426 (Of.
723 2345 789 2410 Ad.
814 2345 982 2410 Bauerus:
1018 2345 1103 2425 „Die
1131 2345 1257 2430 griech.

233 2454 581 2540 Kriegsaltertiimer“
609 2457 701 2541 apud
727 2457 787 2522 Iw.
817 2458 858 2522 de
886 2457 1091 2522 Muellerum
1119 2457 1259 2538 „Hand-

234 2566 323 2630 bnch
347 2565 378 2629 d.
402 2565 507 2631 klass.
531 2565 764 2631 Altertiimer“
786 2566 845 2646 IV¹
872 2587 903 2652 p.
921 2571 998 2648 4363
1022 2568 1062 2634 U.
1087 2569 1129 2634 de
1151 2568 1258 2634 Wila·

233 2677 595 2762 movitzius:,‚‚Eurip.
609 2677 766 2742 Herael.“
783 2678 819 2743 II
833 2683 949 2764 p.24·23
974 2679 1028 2745 Fr.
1037 2680 1258 2746 Hueffnerns:

234 2789 296 2868 „de
310 2789 426 2854 Plauti
449 2790 704 2855 comoediarum
719 2791 883 2875 exemplis
898 2791 1026 2856 Atticis
1043 2792 1259 2877 quaestiones

234 2902 383 2965 maxime
406 2901 690 2986 chronologicae“
727 2903 807 2968 diss.
843 2903 958 2988 inaug.
994 2901 1148 2988 Gotting.
1180 2907 1261 2970 1894

234 3031 265 3096 p.
291 3017 328 3077 71
347 3017 412 3097 sq.)

318 3123 498 3188 Praeterea
514 3123 673 3190 Telebois
696 3125 797 3190 victis
818 3123 950 3188 incolae
973 3125 1070 3190 urbis
1093 3125 1260 3209 postridie

233 3233 269 3297 in
314 3234 555 3299 Thebanorum
601 3237 714 3300 castra
757 3255 875 3319 pacem
924 3235 1065 3320 petituri
1110 3236 1258 3300 veniunt.

233 3344 379 3409 Portant
411 3350 523 3410 autem
559 3346 699 3412 baculos
733 3347 829 3412 vittis
862 3350 935 3411 tam
967 3347 1081 3432 longis
1116 3346 1260 3411 circnm-

234 3457 385 3535 volutos,
430 3461 469 3522 nt
512 3459 667 3543 ipsorum
711 3478 833 3524 manns
875 3458 979 3523 simul
1021 3457 1153 3522 velatae
1191 3458 1261 3522 sint

236 3569 278 3650 (v.
304 3568 396 3652 257):

322 3679 464 3760 „velatis
488 3680 647 3746 manibus
682 3683 794 3761 orant,
829 3681 1049 3765 ignoscamus
1082 3681 1261 3764 peceatum

1086 3793 1217 3856 suom.“

321 3901 390 3968 Hic
405 3906 479 3967 erat
494 3905 527 3967 et
542 3904 633 3988 apud
646 3903 820 3969 Romanos
835 3921 910 3968 mos
925 3901 1077 3968 hostium
1092 3902 1262 3966 victorum

234 4031 274 4078 ac
296 4014 567 4099 supplicantium
590 4013 646 4096 (cf.
671 4014 745 4079 Liv.
767 4016 818 4092 24,
841 4017 963 4092 30,14;
987 4015 1038 4092 30,
1055 4015 1111 4091 36;
1135 4015 1186 4090 37,
1203 4013 1259 4089 283
