3256 4900
672 419 826 512 *ss—

322 602 449 667 Verum
485 603 589 667 etiam
612 603 788 686 Athenis1)
823 603 880 668 iiie
903 623 996 684 usus,
1030 623 1133 688 quem
1165 602 1261 668 nulla

236 712 290 776 lex
324 714 544 793 coercuisset,
581 718 789 800 pervagatus
828 716 914 779 erat:
952 715 1068 799 itaque
1105 734 1173 779 non
1210 717 1262 780 est

237 823 372 903 mirum,
407 826 500 909 quod
533 825 695 910 permulti
729 826 924 892 comoediae
958 823 1109 891 Graecae
1141 828 1262 910 poetae

237 935 437 1018 saepissime
471 956 527 1002 eas
561 935 695 1002 fabulas
719 941 995 1021 composuerunt,
1029 936 1154 1020 quibus
1177 955 1261 1020 quo-

235 1045 337 1110 modo
371 1045 471 1112 liberi
494 1047 668 1130 quondam
702 1047 850 1131 expositi
884 1046 1000 1112 multis
1035 1047 1134 1112 annis
1157 1049 1260 1110 inter-

235 1155 350 1222 missis
374 1176 394 1221 a
416 1158 974 1242 parentibusrecognoscerentur,
1009 1161 1187 1222 narratum
1210 1162 1261 1223 est

237 1265 289 1348 (cf.
313 1267 505 1333 Meinekius
530 1269 572 1333 ad
596 1269 755 1334 Menand.
779 1289 810 1354 p.
832 1269 914 1354 172).

323 1381 370 1442 At
392 1379 545 1445 Thebani
577 1380 704 1446 liberos
739 1400 905 1466 exponere
928 1379 1003 1466 lege
1037 1380 1133 1445 vetiti
1163 1383 1261 1444 erant

235 1488 379 1554 Aeliano
410 1494 496 1555 teste
526 1489 617 1568 (Var.
645 1490 735 1556 Hist.
763 1491 807 1571 II,
832 1495 880 1574 7):
920 1491 1005 1573 „dra
1038 1491 1103 1554 οὐκ
1136 1489 1261 1563 ἔξεστι
1334 1473 1336 1478 ’

236 1597 349 1682 ἀνδρὶ
379 1601 532 1684 Θηβαίῳ
561 1601 739 1664 ἐκθεῖναι
766 1601 940 1680 παιδίον,
968 1601 1038 1666 οὐδ’
1060 1604 1105 1675 είς
1127 1603 1260 1685 ἐρημίαν

236 1707 314 1772 adad
337 1707 434 1795 ῥῖψαι
458 1711 606 1775 θάνατον
628 1711 726 1777 αὐτοῦ
749 1713 1066 1799 καταψηφισάμενος·
1102 1711 1174 1776 ἀλλ’
1202 1711 1261 1775 ἐὰν

235 1819 253 1904 ᾖ
281 1823 377 1904 πένης
405 1822 449 1894 τίς
472 1823 511 1884 τὰ
535 1821 653 1902 ἔσχατα
677 1823 693 1886 δ
717 1824 771 1887 τοῦ
794 1823 910 1897 παιδὸς
933 1824 1048 1909 πατήρ,
1081 1827 1144 1887 εἴτε
1166 1821 1260 1909 ἄῤῥεν

237 1935 327 1996 τοῦτο
364 1936 426 1996 εἴτε
465 1934 551 2018 δηλύ
588 1934 691 2010 ἐστιν,
731 1935 786 1998 ἐπὶ
823 1937 881 2008 τοὶς
918 1934 1019 2017 α’ρχὰς
1053 1935 1193 2017 κομίζειν
1225 1933 1261 2006 ἒξ

236 2042 362 2108 οἰδίνων
383 2047 447 2110 τῶν
468 2046 621 2130 μητρῴων
644 2047 702 2110 σύν
729 2059 794 2119 τοῖς
821 2046 1017 2128 σπαργάνοις
1043 2045 1132 2110 αὐτό·
1161 2043 1195 2107 αἱ
1223 2044 1259 2107 δὲ

235 2153 480 2237 παραλαβοῦσαι
496 2156 709 2220 ἀποδίδονται
725 2158 760 2220 τὸ
783 2160 898 2241 βρέφος
914 2159 958 2242 τῷ
975 2159 1069 2242 τιμὴν
1092 2155 1259 2240 ἐλαχίστην

235 2264 335 2329 δόντι·
363 2265 460 2351 ῥήτρα
483 2265 518 2329 δὲ
540 2268 622 2350 πρὸς
645 2267 743 2331 αιἰτόν
765 2271 819 2329 καὶ
842 2267 994 2350 ὁμολογία
1016 2272 1153 2348 γίνεται,
1175 2263 1194 2349 ἦ
1216 2267 1259 2349 μη

237 2380 363 2461 τρέφειν
390 2379 425 2442 τὸ
452 2381 568 2462 βρέφος
595 2380 648 2440 καὶ
676 2377 819 2463 αδξηδὲν
845 2379 929 2459 ἔχειν
956 2379 1071 2444 δοῦλον
1093 2377 1113 2463 ἥ
1134 2376 1259 2461 δούλην,

236 2488 415 2573 δριπτηρια
430 2488 528 2553 αὐτοῦ
543 2491 601 2572 την
615 2489 789 2573 ὑπηρεσίαν
804 2489 1040 2572 λαμβάι·οντα.“
1070 2490 1166 2571 Quae
1181 2508 1259 2554 culn

235 2602 285 2665 ita
305 2606 426 2682 essent,
450 2624 491 2667 ne
507 2604 573 2668 hoc
588 2603 736 2689 quidem,
760 2606 798 2666 ut
821 2603 953 2688 opinor,
975 2601 1102 2668 Thebis
1125 2599 1259 2678 accidit,

234 2716 273 2776 ut
294 2713 379 2779 civis
403 2714 595 2795 Thebanus,
618 2717 823 2800 praesertim
846 2717 877 2782 si
899 2736 1034 2782 summa
1056 2715 1259 2780 anctoritate

234 2829 267 2888 et
289 2825 458 2910 dignitate
483 2827 637 2906 florebat,
673 2827 777 2893 alicui
803 2829 996 2912 imperaret,
1030 2830 1070 2891 ut
1091 2825 1258 2911 quidquid

234 2939 354 3000 natum
403 2941 504 3018 esset,
556 2937 700 3004 tolleret.
768 2939 877 3024 Atqui
925 2938 962 3003 in
1007 2938 1258 3022 Amphitruone

233 3046 352 3112 fabula
378 3069 433 3114 res
456 3049 582 3115 Thebis
611 3053 727 3134 gestae
761 3052 986 3134 exponuntur.
1031 3049 1125 3132 Ergo
1159 3047 1258 3113 nobis

234 3157 318 3222 haec
341 3159 435 3243 optio
459 3160 570 3240 datur,
593 3165 709 3225 utrum
732 3160 893 3225 Plautum
915 3179 1045 3224 morem
1065 3158 1257 3223 Romanum

233 3268 471 3353 respicientem
495 3271 578 3335 haec
600 3271 706 3336 verba
733 3271 778 3353 (v.
801 3272 878 3354 501)
912 3270 954 3334 de
987 3289 1049 3334 suo
1084 3269 1257 3337 addidisse

234 3399 431 3446 censeamus
465 3400 509 3445 an
547 3382 617 3446 iam
651 3384 820 3449 comicum
853 3382 1024 3461 Atticum,
1064 3402 1165 3466 quem
1197 3381 1256 3446 ille

234 3495 371 3556 secutus
409 3492 463 3571 sit,
502 3493 543 3557 de
580 3512 646 3558 usu
682 3495 799 3560 Attico
838 3493 1043 3578 cogitantem
1083 3494 1147 3557 hac
1183 3492 1258 3576 lege

233 3601 394 3667 Thebana
432 3603 587 3689 neglecta
624 3605 771 3670 similem
808 3607 1010 3672 sententiam
1050 3604 1258 3689 expressisse

232 3714 400 3796 putemus.
437 3712 534 3794 Quae
554 3715 671 3800 opinio
692 3716 828 3781 videtur
843 3716 1072 3795 verisimilior,
1096 3717 1257 3799 quoniam

321 3901 342 3968 1)
369 3903 403 3956 cf.
426 3903 706 3957 Beckerus-Goellius.
729 3904 843 3958 Charicl.
868 3905 891 3972 I⁷
914 3906 977 3971 3033
1004 3903 1043 3971 ΙΙ,
1065 3906 1111 3968 223
1139 3904 1194 3971 III,
1219 3905 1259 3957 12.

231 3983 433 4065 Ἀναιροῦνται
450 3987 529 4041 liberi
547 3988 674 4057 expositi:
703 3989 736 4043 cf.
755 3988 896 4057 Aristoph.
914 3989 985 4043 Nub.
1004 3990 1067 4056 5303
1093 3989 1258 4058 Hermogen.

233 4075 303 4148 περί
322 4070 417 4150 εδρεστ
437 4073 459 4139 Ι,
478 4074 512 4126 30
530 4072 565 4126 al.
