3256 4900
717 379 757 439 77

311 564 353 629 In
376 562 564 642 medicinis,
598 563 634 628 in
668 561 864 640 tonstrinis,
898 561 989 645 apud
1017 560 1129 626 omnis
1156 560 1250 626 aedis

1091 689 1208 737 sacras

314 785 398 852 Sum
436 784 588 851 defessus
628 784 869 870 quaeritando,
907 802 1078 868 nusquam
1113 781 1251 847 invenio

972 896 1209 960 Naucratem.“

314 1007 496 1094 Simillime
511 1007 676 1092 Epidicus
699 1007 867 1072 simulans
882 1027 918 1072 se
934 1007 1160 1092 quaeritando
1176 1006 1253 1072 fati-

230 1125 348 1206 gatum
372 1139 445 1186 esse
467 1118 622 1204 loquitur
643 1119 743 1204 Epid.
766 1137 834 1184 vss.
853 1123 913 1185 197
930 1138 1019 1203 sqq.:

318 1230 450 1312 „Quem
467 1227 602 1296 omnem
617 1251 679 1316 per
694 1231 815 1296 urbem
830 1249 906 1295 snm
923 1227 1075 1295 defessus
1091 1249 1254 1314 quaerere

315 1343 381 1408 Per
402 1342 600 1421 medicinas,
624 1360 684 1426 per
707 1341 910 1421 tonstrinas,
937 1342 974 1405 in
999 1341 1179 1425 gymnasio
1203 1345 1254 1406 at-

991 1472 1056 1536 que
1078 1451 1115 1516 in
1135 1451 1212 1516 foro
1333 1521 1336 1527 ,

316 1565 381 1631 Ρο1
418 1564 611 1649 myropolia
648 1566 681 1629 et
716 1563 872 1630 lanienas
904 1563 1100 1648 circumque
1134 1583 1254 1649 argen-

1072 1675 1212 1742 tarias.“

319 1787 585 1872 Amphitruonis
612 1787 634 1851 l.
651 1806 677 1853 s.
695 1806 722 1852 s.
751 1786 919 1852 nonnulla
951 1787 1092 1852 nomina
1125 1786 1257 1854 Graeca

235 1901 268 1963 et
294 1895 528 1964 aedificiorum
562 1898 781 1983 publicorum
812 1899 1029 1983 quorundam
1063 1902 1257 1979 occurrunt,

233 2009 358 2094 quibus
381 2009 551 2094 plurimae
568 2007 780 2074 Graecorum
801 2009 905 2074 urbes
930 2010 1071 2074 ornatae
1094 2017 1200 2090 erant,
1225 2014 1258 2075 et

234 2140 352 2186 earum
374 2121 605 2200 tabernarum,
629 2140 716 2205 quae
739 2119 868 2185 ibidem
890 2119 1091 2205 plerumque
1110 2119 1257 2186 fuerunt.

234 2231 322 2297 Dico
346 2231 567 2317 ,gymnasia“
593 2232 637 2311 (v.
657 2232 764 2315 1011),
788 2251 935 2316 quorum
959 2230 1136 2315 complura
1152 2232 1258 2297 Athe·

235 2343 368 2408 aienses
391 2344 585 2409 habuerunt
596 2343 628 2426 ¹),
658 2343 891 2428 „emporium“
919 2343 965 2425 (v.
993 2346 1096 2423 1012),
1124 2343 1259 2427 „palae-

235 2457 363 2520 stram“
376 2455 422 2536 (v.
436 2455 534 2537 1012)
558 2452 612 2531 (ef.
626 2454 750 2519 Bacch.
763 2458 813 2520 66.
827 2458 898 2519 426.
913 2456 999 2536 431),
1023 2453 1258 2539 „myropolia“

236 2566 282 2648 (v.
301 2571 397 2645 1011)
422 2565 476 2648 (of.
502 2565 692 2651 Epid.199;
716 2565 938 2650 „myropola“
961 2566 1159 2631 nominatur
1182 2564 1258 2634 Cas.

236 2679 321 2761 238).

319 2789 505 2872 Perperam
521 2791 635 2854 autem
651 2787 684 2855 S.
698 2788 934 2873 Visseringius
950 2788 1096 2875 (quaest.
1109 2788 1219 2854 Plaut.
1233 2789 1259 2866 I,

234 2920 266 2985 p.
284 2901 340 2983 98)
362 2900 500 2965 videtur
523 2901 695 2966 censuisse
718 2901 763 2964 ad
786 2900 976 2985 emporium
999 2900 1129 2964 Romae
1151 2919 1180 2964 a.
1198 2904 1255 2966 561

236 3032 268 3077 u.
285 3032 313 3077 c.
341 3011 560 3077 aedificatum
591 3015 725 3096 poetam
761 3011 936 3076 allusisse:
971 3011 1129 3095 idemque
1162 3014 1263 3096 putat

237 3122 374 3207 Epidici
396 3122 472 3187 loco
494 3141 520 3187 s.
545 3142 572 3187 s.
596 3123 735 3201 abusus,
758 3122 922 3206 quoniam
944 3120 994 3186 ibi
1017 3122 1170 3206 emporia
1192 3142 1260 3187 non

237 3237 555 3312 commemorentur,
580 3233 763 3318 Epidicum
780 3233 916 3298 doctam
933 3251 1007 3298 esse
1023 3238 1100 3297 ante
1116 3235 1262 3318 Amphi-

237 3347 402 3410 truonem.
449 3343 516 3411 Sed
539 3346 612 3411 eius
635 3345 752 3430 opinio
781 3344 885 3423 cadit,
921 3344 951 3409 si
973 3345 1040 3410 hoc
1066 3345 1260 3424 statuimus

237 3459 372 3540 poetam
396 3459 429 3521 et
451 3456 589 3543 Epidici
617 3460 650 3520 et
672 3455 938 3542 Amphitruonis
961 3475 1028 3521 vss.
1059 3475 1263 3521 commemo-

237 3570 312 3631 rata
335 3567 433 3633 urbis
461 3568 538 3634 loca
565 3569 634 3633 iam
663 3568 752 3652 apud
782 3568 952 3633 comicum
975 3565 1145 3632 Graecum
1168 3567 1262 3632 simi-

236 3677 315 3743 liter
338 3679 510 3764 descripta
532 3679 666 3762 legisse.
711 3681 766 3744 Ac
798 3677 951 3763 profecto
985 3676 1139 3761 ἐμπόρια,
1167 3698 1262 3764 pere·
1359 3673 1361 3676 ’

239 3789 418 3874 grinarum
441 3789 604 3855 mercium
619 3790 843 3875 receptacula,
866 3789 903 3854 in
918 3789 1037 3855 multis
1053 3788 1263 3855 Graecorum

324 4031 346 4098 ¹)
364 4027 532 4098 Singularis:
554 4029 756 4098 „gynmasinm‘⁴
776 4028 879 4098 legitur
896 4029 992 4082 Bacch.
1006 4030 1064 4081 427.
1084 4027 1163 4096 Epid.
1176 4029 1234 4081 198.
