<?xml version="1.0" encoding="UTF-8"?>
<!DOCTYPE html PUBLIC "-//W3C//DTD XHTML 1.0 Transitional//EN"
    "http://www.w3.org/TR/xhtml1/DTD/xhtml1-transitional.dtd">
<html xmlns="http://www.w3.org/1999/xhtml" xml:lang="en" lang="en">
 <head>
  <title>
</title>
<meta http-equiv="Content-Type" content="text/html;charset=utf-8" />
  <meta name='ocr-system' content='tesseract 3.04.00' />
  <meta name='ocr-capabilities' content='ocr_page ocr_carea ocr_par ocr_line ocrx_word'/>
</head>
<body>
  <div class='ocr_page' id='page_1' title='image "./plautusinamphit00siewgoog_0081.png"; bbox 0 0 3256 4900; ppageno 0'>
   <div class='ocr_carea' id='block_1_1' title="bbox 812 408 964 499">
    <p class='ocr_par' dir='ltr' id='par_1_1' title="bbox 812 408 964 499">
     <span class='ocr_line' id='line_1_1' title="bbox 812 408 964 499; baseline 0 -33"><span class='ocrx_word' id='word_1_1' title='bbox 812 408 964 499; x_wconf 44' lang='lat' dir='ltr'>Q</span> 
     </span>
    </p>
   </div>
   <div class='ocr_carea' id='block_1_2' title="bbox 376 590 1402 1786">
    <p class='ocr_par' dir='ltr' id='par_1_2' title="bbox 376 590 1402 1122">
     <span class='ocr_line' id='line_1_2' title="bbox 378 590 1401 686; baseline -0.001 -30"><span class='ocrx_word' id='word_1_2' title='bbox 378 593 428 666; x_wconf 85' lang='lat'>35,</span> <span class='ocrx_word' id='word_1_3' title='bbox 457 594 513 669; x_wconf 79' lang='lat'>343</span> <span class='ocrx_word' id='word_1_4' title='bbox 548 590 649 674; x_wconf 88' lang='lat' dir='ltr'>Verg.</span> <span class='ocrx_word' id='word_1_5' title='bbox 674 593 757 654; x_wconf 88' lang='lat' dir='ltr'>Aen.</span> <span class='ocrx_word' id='word_1_6' title='bbox 782 595 811 671; x_wconf 77' lang='lat'>7,</span> <span class='ocrx_word' id='word_1_7' title='bbox 844 595 917 670; x_wconf 81' lang='lat'>1543</span> <span class='ocrx_word' id='word_1_8' title='bbox 952 593 1029 670; x_wconf 73' lang='lat'>2373</span> <span class='ocrx_word' id='word_1_9' title='bbox 1067 595 1115 671; x_wconf 88' lang='grc'>11,</span> <span class='ocrx_word' id='word_1_10' title='bbox 1141 595 1215 686; x_wconf 33' lang='grc'>10.1;</span> <span class='ocrx_word' id='word_1_11' title='bbox 1250 590 1401 657; x_wconf 89' lang='lat' dir='ltr'>Gronov.</span> 
     </span>
     <span class='ocr_line' id='line_1_3' title="bbox 376 699 1402 787; baseline 0.002 -23"><span class='ocrx_word' id='word_1_12' title='bbox 376 700 511 765; x_wconf 76' lang='lat' dir='ltr'>lection.</span> <span class='ocrx_word' id='word_1_13' title='bbox 528 700 637 766; x_wconf 88' lang='lat' dir='ltr'>Plaut.</span> <span class='ocrx_word' id='word_1_14' title='bbox 661 721 693 786; x_wconf 88' lang='lat' dir='ltr'>p.</span> <span class='ocrx_word' id='word_1_15' title='bbox 710 705 773 782; x_wconf 87' lang='lat'>11),</span> <span class='ocrx_word' id='word_1_16' title='bbox 797 706 830 766; x_wconf 88' lang='lat' dir='ltr'>et</span> <span class='ocrx_word' id='word_1_17' title='bbox 852 703 944 786; x_wconf 88' lang='lat' dir='ltr'>apud</span> <span class='ocrx_word' id='word_1_18' title='bbox 959 699 1110 767; x_wconf 85' lang='lat' dir='ltr'>Graecos</span> <span class='ocrx_word' id='word_1_19' title='bbox 1133 701 1159 766; x_wconf 89' lang='lat' dir='ltr'>ii</span> <span class='ocrx_word' id='word_1_20' title='bbox 1174 702 1234 787; x_wconf 90' lang='lat' dir='ltr'>qui</span> <span class='ocrx_word' id='word_1_21' title='bbox 1250 701 1402 787; x_wconf 86' lang='lat' dir='ltr'>aliquam</span> 
     </span>
     <span class='ocr_line' id='line_1_4' title="bbox 377 813 1402 898; baseline 0.002 -22"><span class='ocrx_word' id='word_1_22' title='bbox 377 832 448 876; x_wconf 91' lang='lat' dir='ltr'>rem</span> <span class='ocrx_word' id='word_1_23' title='bbox 463 813 608 897; x_wconf 85' lang='lat' dir='ltr'>petitum</span> <span class='ocrx_word' id='word_1_24' title='bbox 623 814 667 878; x_wconf 89' lang='lat' dir='ltr'>ad</span> <span class='ocrx_word' id='word_1_25' title='bbox 683 813 833 898; x_wconf 89' lang='lat' dir='ltr'>aliquem</span> <span class='ocrx_word' id='word_1_26' title='bbox 847 816 1021 893; x_wconf 88' lang='lat' dir='ltr'>venerant,</span> <span class='ocrx_word' id='word_1_27' title='bbox 1044 813 1081 878; x_wconf 92' lang='lat' dir='ltr'>in</span> <span class='ocrx_word' id='word_1_28' title='bbox 1097 813 1257 880; x_wconf 88' lang='lat' dir='ltr'>manibus</span> <span class='ocrx_word' id='word_1_29' title='bbox 1274 813 1402 879; x_wconf 89' lang='lat' dir='ltr'>similia</span> 
     </span>
     <span class='ocr_line' id='line_1_5' title="bbox 377 923 1399 1010; baseline 0.004 -26"><span class='ocrx_word' id='word_1_30' title='bbox 377 925 542 1003; x_wconf 76' lang='grc' dir='ltr'><strong><em>στέμματα</em></strong></span> <span class='ocrx_word' id='word_1_31' title='bbox 563 923 719 990; x_wconf 74' lang='lat' dir='ltr'>ferebant</span> <span class='ocrx_word' id='word_1_32' title='bbox 740 923 796 1007; x_wconf 78' lang='lat' dir='ltr'>(cf.</span> <span class='ocrx_word' id='word_1_33' title='bbox 821 925 922 991; x_wconf 88' lang='lat' dir='ltr'>Hom.</span> <span class='ocrx_word' id='word_1_34' title='bbox 945 924 985 988; x_wconf 92' lang='lat' dir='ltr'>Il.</span> <span class='ocrx_word' id='word_1_35' title='bbox 1013 931 1040 1005; x_wconf 92' lang='grc'>1,</span> <span class='ocrx_word' id='word_1_36' title='bbox 1066 929 1167 1010; x_wconf 71' lang='grc'>14811.</span> <span class='ocrx_word' id='word_1_37' title='bbox 1191 925 1273 990; x_wconf 82' lang='lat' dir='ltr'>Eur.</span> <span class='ocrx_word' id='word_1_38' title='bbox 1292 925 1399 990; x_wconf 86' lang='lat' dir='ltr'><strong>Andr.</strong></span> 
     </span>
     <span class='ocr_line' id='line_1_6' title="bbox 380 1034 1340 1122; baseline -0.001 -22"><span class='ocrx_word' id='word_1_39' title='bbox 380 1037 452 1100; x_wconf 81' lang='lat'>894.</span> <span class='ocrx_word' id='word_1_40' title='bbox 487 1035 604 1122; x_wconf 88' lang='lat' dir='ltr'>Suppl.</span> <span class='ocrx_word' id='word_1_41' title='bbox 629 1039 680 1102; x_wconf 85' lang='lat'>36.</span> <span class='ocrx_word' id='word_1_42' title='bbox 704 1040 776 1102; x_wconf 86' lang='lat'><strong>470.</strong></span> <span class='ocrx_word' id='word_1_43' title='bbox 801 1036 843 1100; x_wconf 92' lang='grc'>61.</span> <span class='ocrx_word' id='word_1_44' title='bbox 868 1034 1073 1102; x_wconf 86' lang='lat' dir='ltr'>Schnsterus</span> <span class='ocrx_word' id='word_1_45' title='bbox 1096 1036 1117 1100; x_wconf 90' lang='lat' dir='ltr'>l.</span> <span class='ocrx_word' id='word_1_46' title='bbox 1135 1055 1161 1101; x_wconf 90' lang='lat' dir='ltr'>s.</span> <span class='ocrx_word' id='word_1_47' title='bbox 1179 1055 1204 1101; x_wconf 92' lang='grc'>6.</span> <span class='ocrx_word' id='word_1_48' title='bbox 1228 1055 1260 1120; x_wconf 95' lang='lat' dir='ltr'>p.</span> <span class='ocrx_word' id='word_1_49' title='bbox 1276 1037 1340 1110; x_wconf 84' lang='lat'>10).</span> 
     </span>
    </p>

    <p class='ocr_par' dir='ltr' id='par_1_3' title="bbox 376 1146 1402 1786">
     <span class='ocr_line' id='line_1_7' title="bbox 464 1146 1402 1232; baseline -0.002 -20"><span class='ocrx_word' id='word_1_50' title='bbox 464 1147 589 1213; x_wconf 83' lang='lat' dir='ltr'>Omnes</span> <span class='ocrx_word' id='word_1_51' title='bbox 622 1148 730 1232; x_wconf 84' lang='lat' dir='ltr'>igitur</span> <span class='ocrx_word' id='word_1_52' title='bbox 762 1147 857 1212; x_wconf 91' lang='lat' dir='ltr'>locos</span> <span class='ocrx_word' id='word_1_53' title='bbox 892 1147 933 1211; x_wconf 92' lang='lat' dir='ltr'>de</span> <span class='ocrx_word' id='word_1_54' title='bbox 966 1147 1092 1230; x_wconf 90' lang='lat' dir='ltr'>quibus</span> <span class='ocrx_word' id='word_1_55' title='bbox 1125 1146 1161 1211; x_wconf 94' lang='lat' dir='ltr'>in</span> <span class='ocrx_word' id='word_1_56' title='bbox 1194 1147 1262 1211; x_wconf 91' lang='lat' dir='ltr'>hoc</span> <span class='ocrx_word' id='word_1_57' title='bbox 1291 1146 1402 1230; x_wconf 86' lang='lat' dir='ltr'>capite</span> 
     </span>
     <span class='ocr_line' id='line_1_8' title="bbox 376 1256 1401 1343; baseline 0.001 -23"><span class='ocrx_word' id='word_1_58' title='bbox 376 1256 511 1323; x_wconf 90' lang='lat' dir='ltr'>locutus</span> <span class='ocrx_word' id='word_1_59' title='bbox 549 1277 641 1339; x_wconf 86' lang='lat' dir='ltr'>sum,</span> <span class='ocrx_word' id='word_1_60' title='bbox 679 1257 825 1340; x_wconf 85' lang='lat' dir='ltr'>originis</span> <span class='ocrx_word' id='word_1_61' title='bbox 860 1256 1012 1323; x_wconf 81' lang='lat' dir='ltr'>Graecae</span> <span class='ocrx_word' id='word_1_62' title='bbox 1049 1257 1195 1342; x_wconf 83' lang='lat' dir='ltr'>vestigia</span> <span class='ocrx_word' id='word_1_63' title='bbox 1232 1257 1401 1343; x_wconf 88' lang='lat' dir='ltr'>quaedam</span> 
     </span>
     <span class='ocr_line' id='line_1_9' title="bbox 376 1366 1400 1454; baseline -0.001 -21"><span class='ocrx_word' id='word_1_64' title='bbox 376 1387 460 1453; x_wconf 88' lang='lat' dir='ltr'>prae</span> <span class='ocrx_word' id='word_1_65' title='bbox 482 1387 519 1434; x_wconf 88' lang='lat' dir='ltr'>se</span> <span class='ocrx_word' id='word_1_66' title='bbox 533 1367 621 1433; x_wconf 87' lang='lat' dir='ltr'>ferre</span> <span class='ocrx_word' id='word_1_67' title='bbox 642 1367 822 1454; x_wconf 83' lang='lat' dir='ltr'>probabile</span> <span class='ocrx_word' id='word_1_68' title='bbox 845 1370 905 1432; x_wconf 88' lang='lat' dir='ltr'>est.</span> <span class='ocrx_word' id='word_1_69' title='bbox 943 1366 1087 1433; x_wconf 79' lang='lat' dir='ltr'>Restant</span> <span class='ocrx_word' id='word_1_70' title='bbox 1106 1371 1217 1433; x_wconf 88' lang='lat' dir='ltr'>autem</span> <span class='ocrx_word' id='word_1_71' title='bbox 1234 1367 1400 1446; x_wconf 87' lang='lat' dir='ltr'>nonnulli,</span> 
     </span>
     <span class='ocr_line' id='line_1_10' title="bbox 378 1480 1401 1564; baseline -0.001 -20"><span class='ocrx_word' id='word_1_72' title='bbox 378 1481 503 1564; x_wconf 88' lang='lat' dir='ltr'>quibus</span> <span class='ocrx_word' id='word_1_73' title='bbox 541 1499 629 1564; x_wconf 89' lang='lat' dir='ltr'>quae</span> <span class='ocrx_word' id='word_1_74' title='bbox 662 1483 844 1544; x_wconf 85' lang='lat' dir='ltr'>narrentur</span> <span class='ocrx_word' id='word_1_75' title='bbox 880 1480 1119 1545; x_wconf 88' lang='lat' dir='ltr'>tantummodo</span> <span class='ocrx_word' id='word_1_76' title='bbox 1153 1481 1196 1545; x_wconf 93' lang='lat' dir='ltr'>ad</span> <span class='ocrx_word' id='word_1_77' title='bbox 1230 1499 1285 1546; x_wconf 88' lang='lat' dir='ltr'>res</span> <span class='ocrx_word' id='word_1_78' title='bbox 1322 1499 1401 1544; x_wconf 90' lang='lat' dir='ltr'>vere</span> 
     </span>
     <span class='ocr_line' id='line_1_11' title="bbox 379 1589 1402 1676; baseline -0.002 -20"><span class='ocrx_word' id='word_1_79' title='bbox 379 1589 527 1656; x_wconf 85' lang='lat' dir='ltr'>Graecas</span> <span class='ocrx_word' id='word_1_80' title='bbox 551 1591 720 1675; x_wconf 89' lang='lat' dir='ltr'>pertinere</span> <span class='ocrx_word' id='word_1_81' title='bbox 735 1610 798 1675; x_wconf 89' lang='lat' dir='ltr'>pro</span> <span class='ocrx_word' id='word_1_82' title='bbox 822 1594 915 1656; x_wconf 88' lang='lat' dir='ltr'>certo</span> <span class='ocrx_word' id='word_1_83' title='bbox 931 1589 1103 1656; x_wconf 86' lang='lat' dir='ltr'>affirmare</span> <span class='ocrx_word' id='word_1_84' title='bbox 1124 1609 1318 1676; x_wconf 88' lang='lat' dir='ltr'>possumus.</span> <span class='ocrx_word' id='word_1_85' title='bbox 1357 1591 1402 1655; x_wconf 87' lang='lat' dir='ltr'>Et</span> 
     </span>
     <span class='ocr_line' id='line_1_12' title="bbox 378 1701 1060 1786; baseline -0.001 -20"><span class='ocrx_word' id='word_1_86' title='bbox 378 1703 422 1766; x_wconf 87' lang='lat' dir='ltr'>ad</span> <span class='ocrx_word' id='word_1_87' title='bbox 445 1721 502 1767; x_wconf 86' lang='lat' dir='ltr'>eos</span> <span class='ocrx_word' id='word_1_88' title='bbox 526 1701 759 1786; x_wconf 83' lang='lat' dir='ltr'>explanandos</span> <span class='ocrx_word' id='word_1_89' title='bbox 782 1721 873 1766; x_wconf 91' lang='lat' dir='ltr'>nuno</span> <span class='ocrx_word' id='word_1_90' title='bbox 893 1702 1060 1768; x_wconf 83' lang='lat' dir='ltr'>transibo</span> 
     </span>
    </p>
   </div>
   <div class='ocr_carea' id='block_1_3' title="bbox 764 2128 1017 2214">
    <p class='ocr_par' dir='ltr' id='par_1_4' title="bbox 764 2128 1017 2214">
     <span class='ocr_line' id='line_1_13' title="bbox 764 2128 1017 2214; baseline -0.008 -19"><span class='ocrx_word' id='word_1_91' title='bbox 764 2128 918 2214; x_wconf 84' lang='lat' dir='ltr'>Caput</span> <span class='ocrx_word' id='word_1_92' title='bbox 947 2129 1017 2194; x_wconf 92' lang='lat' dir='ltr'>III.</span> 
     </span>
    </p>
   </div>
   <div class='ocr_carea' id='block_1_4' title="bbox 530 2290 1246 2379">
    <p class='ocr_par' dir='ltr' id='par_1_5' title="bbox 530 2290 1246 2379">
     <span class='ocr_line' id='line_1_14' title="bbox 530 2290 1246 2379; baseline -0.004 -17"><span class='ocrx_word' id='word_1_93' title='bbox 530 2293 577 2362; x_wconf 82' lang='lat' dir='ltr'>lle</span> <span class='ocrx_word' id='word_1_94' title='bbox 603 2291 762 2379; x_wconf 79' lang='lat' dir='ltr'>vestigiis</span> <span class='ocrx_word' id='word_1_95' title='bbox 790 2291 933 2377; x_wconf 81' lang='lat' dir='ltr'>originis</span> <span class='ocrx_word' id='word_1_96' title='bbox 961 2290 1105 2360; x_wconf 74' lang='lat' dir='ltr'>Graecae</span> <span class='ocrx_word' id='word_1_97' title='bbox 1132 2291 1246 2361; x_wconf 86' lang='lat' dir='ltr'>certis.</span> 
     </span>
    </p>
   </div>
   <div class='ocr_carea' id='block_1_5' title="bbox 378 2454 1402 2763">
    <p class='ocr_par' dir='ltr' id='par_1_6' title="bbox 378 2454 1402 2763">
     <span class='ocr_line' id='line_1_15' title="bbox 463 2454 1402 2542; baseline -0.004 -19"><span class='ocrx_word' id='word_1_98' title='bbox 463 2457 674 2542; x_wconf 88' lang='lat' dir='ltr'>Amphitruo</span> <span class='ocrx_word' id='word_1_99' title='bbox 702 2476 779 2521; x_wconf 91' lang='lat' dir='ltr'>cum</span> <span class='ocrx_word' id='word_1_100' title='bbox 812 2475 954 2521; x_wconf 85' lang='lat' dir='ltr'>uxorem</span> <span class='ocrx_word' id='word_1_101' title='bbox 983 2456 1023 2520; x_wconf 88' lang='lat' dir='ltr'>de</span> <span class='ocrx_word' id='word_1_102' title='bbox 1046 2454 1206 2540; x_wconf 89' lang='lat' dir='ltr'>opinione</span> <span class='ocrx_word' id='word_1_103' title='bbox 1229 2454 1402 2521; x_wconf 88' lang='lat' dir='ltr'>demoveri</span> 
     </span>
     <span class='ocr_line' id='line_1_16' title="bbox 378 2565 1401 2654; baseline -0.004 -20"><span class='ocrx_word' id='word_1_104' title='bbox 378 2589 447 2634; x_wconf 92' lang='lat' dir='ltr'>non</span> <span class='ocrx_word' id='word_1_105' title='bbox 470 2587 572 2654; x_wconf 87' lang='lat' dir='ltr'>posse</span> <span class='ocrx_word' id='word_1_106' title='bbox 594 2566 809 2647; x_wconf 88' lang='lat' dir='ltr'>intellexerit,</span> <span class='ocrx_word' id='word_1_107' title='bbox 837 2585 906 2650; x_wconf 90' lang='lat' dir='ltr'>qua</span> <span class='ocrx_word' id='word_1_108' title='bbox 929 2585 965 2631; x_wconf 89' lang='lat' dir='ltr'>se</span> <span class='ocrx_word' id='word_1_109' title='bbox 988 2565 1194 2631; x_wconf 86' lang='lat' dir='ltr'>adulterium</span> <span class='ocrx_word' id='word_1_110' title='bbox 1218 2585 1287 2630; x_wconf 91' lang='lat' dir='ltr'>non</span> <span class='ocrx_word' id='word_1_111' title='bbox 1310 2585 1401 2632; x_wconf 92' lang='lat' dir='ltr'>com-</span> 
     </span>
     <span class='ocr_line' id='line_1_17' title="bbox 378 2677 1402 2763; baseline -0.003 -18"><span class='ocrx_word' id='word_1_112' title='bbox 378 2680 513 2745; x_wconf 87' lang='lat' dir='ltr'>misisse</span> <span class='ocrx_word' id='word_1_113' title='bbox 533 2681 640 2763; x_wconf 88' lang='lat' dir='ltr'>putet,</span> <span class='ocrx_word' id='word_1_114' title='bbox 663 2679 870 2742; x_wconf 83' lang='lat' dir='ltr'>Naucratem</span> <span class='ocrx_word' id='word_1_115' title='bbox 885 2679 1071 2762; x_wconf 83' lang='lat' dir='ltr'>cognatum</span> <span class='ocrx_word' id='word_1_116' title='bbox 1093 2697 1113 2741; x_wconf 87' lang='lat' dir='ltr'>a</span> <span class='ocrx_word' id='word_1_117' title='bbox 1136 2677 1216 2742; x_wconf 87' lang='lat' dir='ltr'>navi</span> <span class='ocrx_word' id='word_1_118' title='bbox 1231 2697 1402 2744; x_wconf 84' lang='lat' dir='ltr'>arcessere</span> 
     </span>
    </p>
   </div>
   <div class='ocr_carea' id='block_1_6' title="bbox 274 2788 1401 2874">
    <p class='ocr_par' dir='ltr' id='par_1_7' title="bbox 274 2788 1401 2874">
     <span class='ocr_line' id='line_1_18' title="bbox 274 2788 1401 2874; baseline -0.003 -17"><span class='ocrx_word' id='word_1_119' title='bbox 274 2855 276 2857; x_wconf 82' lang='grc'><strong>,</strong></span> <span class='ocrx_word' id='word_1_120' title='bbox 378 2789 508 2869; x_wconf 84' lang='lat' dir='ltr'>statuit,</span> <span class='ocrx_word' id='word_1_121' title='bbox 531 2807 680 2874; x_wconf 89' lang='lat' dir='ltr'>quocum</span> <span class='ocrx_word' id='word_1_122' title='bbox 702 2789 776 2873; x_wconf 88' lang='lat' dir='ltr'>ipse</span> <span class='ocrx_word' id='word_1_123' title='bbox 798 2807 868 2852; x_wconf 90' lang='lat' dir='ltr'>una</span> <span class='ocrx_word' id='word_1_124' title='bbox 889 2791 1007 2854; x_wconf 88' lang='lat' dir='ltr'>vectus</span> <span class='ocrx_word' id='word_1_125' title='bbox 1030 2788 1103 2854; x_wconf 88' lang='lat' dir='ltr'>eius</span> <span class='ocrx_word' id='word_1_126' title='bbox 1126 2789 1329 2854; x_wconf 84' lang='lat' dir='ltr'>sententiam</span> <span class='ocrx_word' id='word_1_127' title='bbox 1349 2809 1401 2855; x_wconf 93' lang='grc'>16-</span> 
     </span>
    </p>
   </div>
   <div class='ocr_carea' id='block_1_7' title="bbox 377 2897 1402 3207">
    <p class='ocr_par' dir='ltr' id='par_1_8' title="bbox 377 2897 1402 3207">
     <span class='ocr_line' id='line_1_19' title="bbox 377 2897 1402 2985; baseline -0.002 -19"><span class='ocrx_word' id='word_1_128' title='bbox 377 2901 489 2966; x_wconf 84' lang='grc'>161616</span> <span class='ocrx_word' id='word_1_129' title='bbox 512 2920 552 2965; x_wconf 87' lang='grc'>66</span> <span class='ocrx_word' id='word_1_130' title='bbox 585 2900 714 2965; x_wconf 89' lang='lat' dir='ltr'>diluere</span> <span class='ocrx_word' id='word_1_131' title='bbox 747 2899 866 2985; x_wconf 87' lang='lat' dir='ltr'>possit.</span> <span class='ocrx_word' id='word_1_132' title='bbox 918 2897 983 2965; x_wconf 86' lang='lat' dir='ltr'>Sed</span> <span class='ocrx_word' id='word_1_133' title='bbox 1017 2899 1079 2964; x_wconf 94' lang='lat' dir='ltr'>illo</span> <span class='ocrx_word' id='word_1_134' title='bbox 1112 2900 1240 2984; x_wconf 91' lang='lat' dir='ltr'>ubique</span> <span class='ocrx_word' id='word_1_135' title='bbox 1272 2899 1402 2966; x_wconf 88' lang='lat' dir='ltr'>frustra</span> 
     </span>
     <span class='ocr_line' id='line_1_20' title="bbox 378 3010 1401 3099; baseline -0.004 -20"><span class='ocrx_word' id='word_1_136' title='bbox 378 3013 534 3099; x_wconf 85' lang='lat' dir='ltr'>quaesito</span> <span class='ocrx_word' id='word_1_137' title='bbox 557 3011 653 3077; x_wconf 88' lang='lat' dir='ltr'>brevi</span> <span class='ocrx_word' id='word_1_138' title='bbox 675 3011 773 3092; x_wconf 91' lang='lat' dir='ltr'>redit,</span> <span class='ocrx_word' id='word_1_139' title='bbox 797 3030 966 3096; x_wconf 88' lang='lat' dir='ltr'>quaenam</span> <span class='ocrx_word' id='word_1_140' title='bbox 989 3011 1086 3077; x_wconf 87' lang='lat' dir='ltr'>urbis</span> <span class='ocrx_word' id='word_1_141' title='bbox 1108 3010 1186 3077; x_wconf 89' lang='lat' dir='ltr'>loca</span> <span class='ocrx_word' id='word_1_142' title='bbox 1208 3015 1401 3096; x_wconf 88' lang='lat' dir='ltr'>perscruta-</span> 
     </span>
     <span class='ocr_line' id='line_1_21' title="bbox 378 3123 1096 3207; baseline -0.006 -17"><span class='ocrx_word' id='word_1_143' title='bbox 378 3128 433 3190; x_wconf 88' lang='lat' dir='ltr'>tus</span> <span class='ocrx_word' id='word_1_144' title='bbox 457 3124 512 3205; x_wconf 89' lang='lat' dir='ltr'>sit,</span> <span class='ocrx_word' id='word_1_145' title='bbox 536 3123 587 3190; x_wconf 88' lang='lat' dir='ltr'>sic</span> <span class='ocrx_word' id='word_1_146' title='bbox 609 3124 805 3189; x_wconf 87' lang='lat' dir='ltr'>describens</span> <span class='ocrx_word' id='word_1_147' title='bbox 828 3125 871 3204; x_wconf 89' lang='lat' dir='ltr'>(v.</span> <span class='ocrx_word' id='word_1_148' title='bbox 891 3127 972 3190; x_wconf 88' lang='lat'>1009</span> <span class='ocrx_word' id='word_1_149' title='bbox 990 3123 1096 3207; x_wconf 89' lang='lat' dir='ltr'>sqq.):</span> 
     </span>
    </p>
   </div>
   <div class='ocr_carea' id='block_1_8' title="bbox 383 3258 1403 4120">
    <p class='ocr_par' dir='ltr' id='par_1_9' title="bbox 463 3258 1400 3453">
     <span class='ocr_line' id='line_1_22' title="bbox 463 3258 1400 3345; baseline 0.001 -20"><span class='ocrx_word' id='word_1_150' title='bbox 463 3261 691 3341; x_wconf 89' lang='lat' dir='ltr'>„Naucratem</span> <span class='ocrx_word' id='word_1_151' title='bbox 713 3280 813 3345; x_wconf 86' lang='lat' dir='ltr'>quem</span> <span class='ocrx_word' id='word_1_152' title='bbox 840 3260 1020 3326; x_wconf 90' lang='lat' dir='ltr'>convenire</span> <span class='ocrx_word' id='word_1_153' title='bbox 1042 3258 1147 3340; x_wconf 88' lang='lat' dir='ltr'>volni,</span> <span class='ocrx_word' id='word_1_154' title='bbox 1170 3260 1206 3324; x_wconf 88' lang='lat' dir='ltr'>in</span> <span class='ocrx_word' id='word_1_155' title='bbox 1228 3259 1310 3324; x_wconf 91' lang='lat' dir='ltr'>navi</span> <span class='ocrx_word' id='word_1_156' title='bbox 1332 3280 1400 3326; x_wconf 90' lang='lat' dir='ltr'>non</span> 
     </span>
     <span class='ocr_line' id='line_1_23' title="bbox 1275 3376 1358 3453; baseline 0.012 -17"><span class='ocrx_word' id='word_1_157' title='bbox 1275 3376 1358 3453; x_wconf 88' lang='lat' dir='ltr'>erat,</span> 
     </span>
    </p>

    <p class='ocr_par' dir='ltr' id='par_1_10' title="bbox 417 3479 1402 3674">
     <span class='ocr_line' id='line_1_24' title="bbox 463 3479 1402 3568; baseline 0.004 -24"><span class='ocrx_word' id='word_1_158' title='bbox 463 3480 581 3565; x_wconf 89' lang='lat' dir='ltr'>Neque</span> <span class='ocrx_word' id='word_1_159' title='bbox 603 3480 698 3545; x_wconf 91' lang='lat' dir='ltr'>domi</span> <span class='ocrx_word' id='word_1_160' title='bbox 720 3499 828 3564; x_wconf 88' lang='lat' dir='ltr'>neque</span> <span class='ocrx_word' id='word_1_161' title='bbox 850 3479 887 3545; x_wconf 91' lang='lat' dir='ltr'>in</span> <span class='ocrx_word' id='word_1_162' title='bbox 914 3481 999 3546; x_wconf 89' lang='lat' dir='ltr'>urbe</span> <span class='ocrx_word' id='word_1_163' title='bbox 1026 3481 1163 3547; x_wconf 85' lang='lat' dir='ltr'>invenio</span> <span class='ocrx_word' id='word_1_164' title='bbox 1195 3502 1402 3568; x_wconf 91' lang='lat' dir='ltr'>quemquam</span> 
     </span>
     <span class='ocr_line' id='line_1_25' title="bbox 417 3579 1357 3674; baseline 0.011 -25"><span class='ocrx_word' id='word_1_165' title='bbox 417 3579 419 3586; x_wconf 68' lang='lat'>&#39;</span> <span class='ocrx_word' id='word_1_166' title='bbox 1015 3592 1074 3674; x_wconf 89' lang='lat' dir='ltr'>qui</span> <span class='ocrx_word' id='word_1_167' title='bbox 1096 3591 1195 3657; x_wconf 93' lang='lat' dir='ltr'>illum</span> <span class='ocrx_word' id='word_1_168' title='bbox 1218 3594 1357 3659; x_wconf 85' lang='lat' dir='ltr'>viderit:</span> 
     </span>
    </p>

    <p class='ocr_par' dir='ltr' id='par_1_11' title="bbox 383 3700 1403 3900">
     <span class='ocr_line' id='line_1_26' title="bbox 383 3700 1403 3788; baseline 0.002 -20"><span class='ocrx_word' id='word_1_169' title='bbox 383 3707 472 3770; x_wconf 91' lang='grc'>1010.</span> <span class='ocrx_word' id='word_1_170' title='bbox 506 3701 595 3766; x_wconf 89' lang='lat' dir='ltr'>Nam</span> <span class='ocrx_word' id='word_1_171' title='bbox 618 3701 730 3766; x_wconf 87' lang='lat' dir='ltr'>omnis</span> <span class='ocrx_word' id='word_1_172' title='bbox 757 3700 889 3786; x_wconf 87' lang='lat' dir='ltr'>plateas</span> <span class='ocrx_word' id='word_1_173' title='bbox 922 3703 1131 3787; x_wconf 76' lang='lat' dir='ltr'>percepi-avi,</span> <span class='ocrx_word' id='word_1_174' title='bbox 1166 3706 1346 3788; x_wconf 78' lang='lat' dir='ltr'>gymnasia</span> <span class='ocrx_word' id='word_1_175' title='bbox 1369 3708 1403 3770; x_wconf 85' lang='grc'>61</span> 
     </span>
     <span class='ocr_line' id='line_1_27' title="bbox 1154 3816 1357 3900; baseline 0.015 -22"><span class='ocrx_word' id='word_1_176' title='bbox 1154 3816 1357 3900; x_wconf 86' lang='lat' dir='ltr'>myropolia,</span> 
     </span>
    </p>

    <p class='ocr_par' dir='ltr' id='par_1_12' title="bbox 463 3924 1402 4120">
     <span class='ocr_line' id='line_1_28' title="bbox 463 3924 1402 4012; baseline 0.004 -23"><span class='ocrx_word' id='word_1_177' title='bbox 463 3924 568 4008; x_wconf 88' lang='lat' dir='ltr'>Apud</span> <span class='ocrx_word' id='word_1_178' title='bbox 591 3924 782 4007; x_wconf 87' lang='lat' dir='ltr'>emporium</span> <span class='ocrx_word' id='word_1_179' title='bbox 805 3926 907 4008; x_wconf 90' lang='lat' dir='ltr'>atque</span> <span class='ocrx_word' id='word_1_180' title='bbox 928 3924 965 3988; x_wconf 93' lang='lat' dir='ltr'>in</span> <span class='ocrx_word' id='word_1_181' title='bbox 988 3924 1146 4006; x_wconf 83' lang='lat' dir='ltr'>maco110,</span> <span class='ocrx_word' id='word_1_182' title='bbox 1169 3927 1205 3991; x_wconf 92' lang='lat' dir='ltr'>in</span> <span class='ocrx_word' id='word_1_183' title='bbox 1228 3928 1402 4012; x_wconf 87' lang='lat' dir='ltr'>palaestra</span> 
     </span>
     <span class='ocr_line' id='line_1_29' title="bbox 1091 4037 1358 4120; baseline 0.007 -20"><span class='ocrx_word' id='word_1_184' title='bbox 1091 4043 1193 4120; x_wconf 78' lang='lat' dir='ltr'>alque</span> <span class='ocrx_word' id='word_1_185' title='bbox 1215 4038 1249 4101; x_wconf 92' lang='lat' dir='ltr'>in</span> <span class='ocrx_word' id='word_1_186' title='bbox 1272 4037 1358 4118; x_wconf 85' lang='lat' dir='ltr'>for0,</span> 
     </span>
    </p>
   </div>
   <div class='ocr_carea' id='block_1_9' title="bbox 0 0 1633 4900">
    <p class='ocr_par' dir='ltr' id='par_1_13' title="bbox 0 0 1633 4900">
     <span class='ocr_line' id='line_1_30' title="bbox 0 0 1633 4900; baseline 0 0"><span class='ocrx_word' id='word_1_187' title='bbox 0 0 1633 4900; x_wconf 95' lang='lat' dir='ltr'> </span> 
     </span>
    </p>
   </div>
  </div>
 </body>
</html>
