3256 4900
784 407 937 498 „ro—

433 591 504 655 Nec
526 610 606 655 vero
630 590 742 675 magis
766 587 1012 655 aGraecorum
1035 591 1138 655 rebus
1162 589 1289 655 divinis
1313 591 1373 655 ab·

348 701 525 767 horrentia
547 702 709 787 leguntur
731 701 774 766 iis
799 702 933 768 duobus
956 701 1051 781 locis,
1076 701 1137 767 ubi
1159 721 1247 786 quae
1269 701 1374 766 Alcu-

350 833 449 878 mena
471 815 666 898 parturiens
690 814 784 878 domi
805 813 933 893 fecerit,
957 813 1099 878 Bromia
1121 815 1254 877 narrat:

435 945 466 988 v.
494 929 589 991 1061:
622 944 720 1005 „nam
743 926 803 991 ubi
825 925 984 1010 parturit,
1008 925 1090 989 deos
1113 924 1181 990 sibi
1203 923 1376 1002 invocat“;

436 1037 468 1098 et
491 1054 520 1098 v.
547 1039 627 1102 1091
645 1054 710 1120 sq.:

492 1145 699 1230 ,Postquam
721 1146 893 1231 parturire
916 1145 1018 1210 hodie
1041 1165 1129 1210 uxor
1151 1146 1283 1230 occepit
1304 1149 1374 1223 tua,

438 1255 506 1322 Ubi
534 1261 631 1322 utero
659 1257 770 1323 exorti
797 1257 942 1334 dolores
978 1260 1017 1321 ut
1043 1255 1155 1321 solent
1181 1275 1377 1341 puerperae,

438 1368 580 1434 Invocat
603 1369 684 1435 deos
706 1369 911 1448 inmortalis,
935 1371 973 1433 ut
989 1368 1056 1434 sibi
1072 1367 1241 1432 auxilium
1255 1365 1375 1444 ferant,

438 1480 600 1546 Manibus
622 1481 729 1566 puriS,
757 1481 868 1565 capite
891 1483 1040 1566 opert0.“

439 1589 536 1670 Quae
562 1592 702 1676 quidem
725 1595 866 1656 exeunte
889 1613 919 1654 v.
947 1595 1042 1657 1094:
1078 1589 1210 1674 „capite
1238 1589 1377 1672 operto“

355 1706 548 1782 occurrunt,
581 1703 696 1768 minus
730 1723 808 1768 cunr
842 1702 996 1768 moribus
1019 1698 1160 1766 Graecis
1191 1717 1379 1764 consonare

354 1830 403 1890 ea,
437 1812 539 1876 etiam
574 1813 659 1878 haec
691 1815 761 1878 iam
794 1832 899 1898 supra
932 1813 1089 1898 exposui:
1123 1830 1233 1896 neque
1266 1812 1379 1874 autem

356 1926 467 1987 cetera
500 1944 539 1988 ea
567 1928 655 2002 sunt,
690 1929 729 1990 ut
761 1926 1012 1992 aGraecorum
1048 1925 1173 1991 ritibus
1205 1922 1378 2007 religiosis

356 2033 455 2116 plane
478 2036 590 2100 aliena
613 2037 691 2102 sint.
725 2037 814 2101 Nam
841 2037 1001 2102 mulieres
1018 2033 1169 2101 Graecae
1190 2036 1320 2121 pariter
1340 2054 1380 2099 ac

356 2145 540 2225 Romanae,
574 2166 662 2232 quae
694 2148 896 2233 plerumque
923 2148 1090 2212 Iunonem
1117 2147 1285 2212 Lucinam
1318 2146 1380 2209 im-

355 2257 548 2341 plorabant,
571 2260 632 2325 ubi
647 2259 804 2344 pariendi
825 2262 959 2344 tempus
976 2257 1275 2343 appropinquavit,
1300 2256 1380 2321 deas

357 2369 525 2453 quasdam
546 2370 767 2437 invocabant:
796 2374 899 2456 atque
922 2371 965 2436 ab
989 2368 1149 2454 Ilithyiis,
1173 2370 1302 2434 Iunone
1325 2366 1380 2450 (cf.

356 2479 526 2546 Prellerus
564 2482 673 2565 Myth.
712 2480 844 2547 Graec.¹
883 2481 910 2560 I,
951 2483 1040 2565 113),
1084 2480 1206 2559 Diana,
1243 2479 1382 2556 Venere,

359 2591 515 2657 Minerva
550 2591 603 2674 (cf.
631 2592 801 2658 Prellerus
830 2592 851 2656 l.
876 2611 902 2656 s.
927 2611 953 2657 s.
977 2592 1004 2671 I,
1035 2593 1108 2669 133)
1141 2590 1311 2675 petebant,
1346 2591 1385 2652 ut

359 2703 428 2768 sibi
449 2703 579 2768 arixilio
596 2707 716 2769 essent.
752 2702 889 2769 Scilicet
905 2704 996 2788 apud
1018 2707 1202 2787 utrumque
1217 2699 1384 2786 populum

359 2833 495 2879 necesse
533 2817 606 2878 erat
642 2814 797 2880 homines
835 2814 908 2880 deis
945 2814 1177 2900 supplicantes
1219 2815 1253 2876 et
1288 2812 1383 2896 ipsos

358 2944 464 3009 puros
498 2945 571 2991 esse
599 2929 632 2991 et
665 2945 748 2991 vasa
773 2946 862 3011 pura
895 2927 939 2991 ad
965 2945 1020 2990 res
1054 2925 1189 2990 divinas
1216 2942 1384 3008 usurpare

360 3036 502 3121 (Amph.
537 3042 608 3105 946.
646 3041 737 3104 1126.
772 3035 869 3122 capt.
904 3040 967 3103 860
993 3055 1043 3121 sq.
1088 3034 1168 3101 Aul.
1200 3035 1287 3116 270).
1335 3031 1384 3099 Of.

360 3149 464 3214 etiam
498 3147 617 3216 Cicero
652 3152 693 3215 de
726 3149 791 3234 leg.
820 3153 848 3229 2,
880 3153 928 3228 10,
953 3152 1007 3213 24:
1046 3143 1170 3226 „Casta
1202 3145 1298 3210 iubet
1329 3143 1385 3208 lex

361 3261 455 3325 adire
479 3262 522 3326 ad
545 3262 626 3326 deos
650 3261 764 3326 animo
793 3260 961 3338 videlicet,
995 3259 1031 3323 in
1059 3277 1126 3342 quo
1153 3258 1234 3322 sunt
1256 3255 1385 3320 omnia:

361 3393 423 3438 nec
438 3372 553 3438 tollit
573 3373 859 3438 castimoniam
875 3369 1073 3454 corporis,
1097 3367 1155 3433 sed
1172 3368 1237 3432 hoc
1253 3366 1387 3450 oportet

361 3484 550 3570 intellegi;“
574 3483 733 3550 similiter
755 3483 840 3548 dicit
861 3481 1070 3564 Megadorus
1094 3499 1196 3544 senex
1218 3478 1253 3542 in
1278 3476 1386 3542 Aulu-

363 3597 450 3661 laria
472 3596 632 3661 Plautina
654 3595 700 3677 (v.
719 3596 810 3676 579):

451 3727 510 3787 ,eo
554 3707 720 3786 lavatum,
765 3710 804 3770 ut
847 3703 1080 3770 sacruficem.“
1148 3700 1241 3782 Quin
1285 3698 1385 3762 etiam

364 3821 531 3886 verbenae
567 3820 693 3905 quibus
731 3815 963 3884 sacrificantes
1001 3814 1199 3892 utebantur,
1238 3831 1279 3875 ex
1311 3808 1387 3873 loco

364 3952 451 4017 puro
475 3932 705 4016 decerpendae
728 3933 826 3994 erant
847 3927 903 4011 (cf.
927 3928 1051 3993 Donat.
1077 3926 1121 3991 ad
1136 3925 1209 3990 Ter.
1234 3923 1342 3989 Andr.
1359 3923 1389 3999 4,

366 4046 396 4123 3,
421 4050 474 4122 11;
498 4043 582 4108 Hor.
607 4043 660 4108 od.
685 4046 714 4122 4,
740 4048 789 4117 11,
814 4041 923 4124 6sq.).
962 4037 1064 4122 Apud
1089 4035 1239 4103 Graecos
1263 4030 1391 4098 similia
