3256 4900
824 384 976 476 je*

470 567 541 633 Nee
564 587 644 632 vero
668 567 782 632 minus
811 568 983 632 crudelem
1011 569 1054 632 ad
1081 587 1227 653 poenam
1254 567 1414 634 servilem

387 679 472 745 haec
495 678 613 746 Sosiae
635 681 741 745 verba
763 684 919 765 spectant
941 701 971 744 v.
990 685 1051 746 279
1064 700 1129 766 sq.:

470 791 588 876 Neque
604 810 666 876 ege
683 791 748 856 hac
763 794 862 855 nocte
878 791 1069 874 longiorem
1085 812 1138 856 me
1154 791 1280 856 vidisse
1292 809 1412 856 censeo

472 901 548 968 Nisi
569 900 651 966 item
674 922 789 982 unam,
817 902 1016 968 verberatus
1040 921 1144 987 quam
1170 902 1316 987 pependi
1337 920 1413 986 per·

1225 1015 1366 1099 petem.“

470 1124 591 1190 Vetere
624 1125 714 1190 enim
736 1124 971 1190 Romanorum
1005 1144 1100 1190 more
1128 1125 1219 1190 servi
1252 1124 1411 1189 manibus

384 1234 509 1302 vinetis
544 1236 585 1301 de
618 1238 716 1303 trabe
753 1237 991 1321 pendebantur
1025 1238 1057 1301 et
1087 1235 1197 1321 virgis
1232 1239 1291 1301 aut
1326 1233 1411 1300 loris

386 1347 625 1414 caedebantur.
639 1349 661 1430 ¹)

473 1456 725 1524 Gravissimum
753 1461 866 1523 autem
890 1458 1107 1543 supplicium,
1137 1476 1204 1543 que
1232 1458 1323 1523 servi
1344 1457 1411 1522 Re·

384 1568 479 1633 mani
500 1569 738 1653 puniebantur,
762 1568 890 1654 legitur
911 1566 952 1633 fr.
972 1576 1004 1634 l:

474 1682 541 1759 „At
556 1699 620 1765 ego
637 1680 765 1764 certo†
781 1701 880 1746 eruce
896 1683 929 1745 et
945 1678 1134 1746 cruciatum
1149 1681 1308 1746 mactabo
1325 1699 1411 1746 exuo

1169 1791 1368 1876 mastigia“:

388 1921 457 1986 quo
480 1902 640 1986 quamvis
663 1902 860 1967 mutilatum
883 1903 938 1982 sit,
966 1905 1080 1967 tamen
1108 1902 1328 1987 cognoscitur
1354 1903 1412 1988 agi

386 2014 426 2077 de
459 2031 570 2097 poena
603 2013 716 2079 crucis
751 2015 931 2093 acerrima,
970 2034 1057 2099 quae
1091 2013 1247 2094 Graecia,
1285 2014 1412 2099 quippe

385 2124 512 2209 quibus
555 2143 673 2191 servos
711 2126 754 2189 ad
792 2125 975 2190 arbitrium
1017 2145 1138 2189 necare
1179 2145 1248 2190 nen
1284 2125 1411 2204 liceret,

384 2235 504 2320 ignota
538 2238 619 2300 erat.
670 2236 768 2316 Quae
801 2236 874 2301 noli
906 2255 1032 2320 negare
1059 2236 1125 2302 hoc
1148 2234 1306 2302 Alexidis
1333 2234 1410 2301 lece

385 2347 482 2413 nisus
505 2347 662 2429 (111486.
697 2347 831 2429 Mein.):

471 2455 589 2542 „idror’
613 2457 656 2520 ἄν
678 2455 877 2540 ἀναπήξαιμ’
901 2456 956 2520 ἐπὶ
979 2457 1034 2519 τοῦ
1057 2455 1150 2529 ξύλου
1173 2455 1315 2536 lupum:

384 2589 465 2633 nam
487 2568 545 2633 hic
568 2569 790 2653 cogitandum
812 2570 865 2632 est
887 2568 929 2631 de
945 2567 1063 2632 eodem
1080 2566 1260 2652 supplicio²
1285 2566 1326 2630 de
1341 2585 1410 2651 quo

384 2678 573 2744 scholiasta
595 2678 636 2743 ad
661 2679 769 2743 Arist.
794 2678 999 2763 Thesmoph.
1025 2682 1101 2744 940:

471 2787 595 2870 „adisse
617 2790 698 2872 πρὸς
720 2791 758 2876 νῇ
781 2787 889 2852 σανίδι
912 2787 981 2854 δεῖν
1003 2789 1061 2854 τόν
1082 2789 1231 2874 caedrum

385 2901 469 2965 hacc
492 2904 647 2964 annotat:
685 2901 802 2984 „uodo
832 2903 986 2964 σανίσιν
1016 2898 1222 2982 ἐδεσμεύοντο
1244 2899 1410 2978 πολλάκις,

384 3011 426 3085 ὥς
441 3011 495 3073 καὶ
512 3015 666 3094 Κραιῖνος
682 3009 802 3096 δηλοϊ.“
842 3013 893 3094 (II
917 3016 977 3079 223
994 3013 1111 3094 Mein.)
1149 3012 1279 3078 Eadem
1297 3012 1409 3078 crucis

383 3143 494 3210 poena
517 3123 629 3189 obiter
650 3125 807 3208 tangitur
830 3125 1003 3211 Amphitr.
1027 3145 1058 3188 v.
1076 3128 1152 3191 793:

471 3241 541 3318 „At
563 3257 640 3302 cum
661 3238 815 3303 cruciatu
831 3238 911 3318 iam,
935 3238 1002 3304 nisi
1018 3240 1170 3324 apparet,
1193 3239 1272 3301 tu0“
1291 3234 1410 3300 —scil

1200 3346 1302 3411 audie
1325 3383 1367 3392 —

470 3529 491 3597 1)
510 3529 543 3583 ei.
561 3528 626 3583 Aul.
640 3528 690 3581 643
700 3545 747 3595 ιο,
769 3528 850 3582 Most.
864 3529 939 3582 1167.
961 3527 1060 3582 Pseud.
1072 3528 1132 3580 200.
1153 3527 1234 3582 True.
1247 3527 1305 3579 777.
1326 3526 1409 3579 Ροοο.

385 3615 514 3668 146148.
534 3613 610 3667 Trin.
623 3613 681 3666 248.
700 3613 772 3668 Rud.
792 3614 849 3666 722.
867 3612 947 3666 Asin.
959 3614 1009 3665 301
1023 3629 1079 3680 sqq.
1097 3612 1156 3666 564.
1191 3610 1323 3666 Similiter
1345 3609 1411 3663 dicit

383 3699 574 3754 Menaechmus
592 3698 628 3752 ad
644 3699 776 3752 medicum
793 3697 877 3766 (Men.
896 3698 979 3765 934.):

470 3789 514 3849 „te
530 3785 692 3854 pendentem
708 3784 811 3837 fodiam
829 3783 977 3848 stimulis“;

382 3875 410 3926 et
427 3869 591 3937 Lysidamns
610 3885 699 3937 senex,
718 3884 797 3936 quem
815 3869 961 3923 conaminis
980 3866 1109 3922 adulterii
1125 3867 1254 3936 poenitet,
1276 3867 1312 3921 ad
1334 3866 1412 3920 (ileo-

383 3960 499 4010 stratam
516 3970 626 4009 uxorem
645 3955 706 4009 Oas.
725 3971 751 4008 v.
765 3954 844 4008 1003:

466 4040 567 4106 „Nulla
586 4045 702 4107 consuet,
726 4039 791 4107 quin
808 4040 969 4110 pendentem
987 4055 1037 4106 me,
1055 4053 1131 4105 uxor,
1153 4038 1240 4108 virgis
1258 4038 1407 4093 verberes.“
