3256 4900
870 362 908 425 18

465 545 597 626 „lassus
620 565 697 611 sum
719 545 832 611 hercle
855 567 872 610 e
894 547 989 628 navi,
1017 550 1056 611 ut
1077 542 1195 612 ¹uectus
1219 547 1285 614 huc
1308 568 1395 613 sum:

980 658 1083 723 etiam
1106 678 1197 724 nunc
1219 677 1357 724 nauseo

463 767 531 833 Vix
553 768 674 834 incedo
697 767 825 846 inanis,
854 789 895 834 ne
923 769 973 834 ire
995 789 1097 854 posse
1119 790 1190 834 cara
1215 791 1308 835 onere
1331 769 1401 834 exi-

1197 883 1356 946 stumes.‘⁴

463 989 629 1056 Similiter
660 989 750 1056 ludit
776 1013 806 1056 v.
824 995 900 1072 386,
934 991 996 1058 ubi
1018 993 1210 1058 Mercurius
1244 993 1275 1057 ei
1302 991 1401 1058 dicit:

379 1101 487 1188 „fugit
509 1105 542 1168 te
564 1103 674 1167 ratio“
698 1102 734 1167 id
757 1106 823 1168 est:
849 1107 995 1186 „erras“,
1031 1106 1065 1169 et
1093 1104 1153 1169 ille
1185 1107 1224 1169 ut
1256 1122 1400 1188 semper,

377 1216 426 1280 ita
458 1235 550 1281 nuno
583 1235 719 1301 quoque
753 1217 796 1280 ad
830 1216 1014 1282 iocandum
1042 1220 1185 1302 paratus
1216 1216 1401 1302 respondet

377 1327 421 1409 (v.
438 1328 528 1410 386):

464 1437 623 1520 „Utinam
645 1437 736 1502 istuc
757 1440 867 1523 pugni
888 1437 1047 1503 fecissent
1068 1439 1151 1518 tui“‚

376 1549 413 1614 id
435 1551 500 1614 est:
526 1548 679 1628 „utinam
700 1547 752 1612 tui
774 1547 883 1632 pugni
904 1546 1082 1632 fugissent,
1106 1548 1232 1633 quibus
1255 1567 1309 1611 me
1330 1547 1401 1610 iam

376 1659 464 1725 male
485 1658 712 1724 mulcavisti“.

462 1771 597 1836 Pariter
616 1769 725 1835 facete
747 1770 919 1836 Mercurio
943 1769 1130 1835 affirmanti
1152 1789 1189 1836 se
1212 1770 1341 1835 dixisse
1363 1787 1399 1833 se

376 1881 641 1968 Amphitruonis
665 1880 801 1947 Sosiam
823 1901 898 1948 esse
919 1883 1103 1967 respondet
1125 1902 1155 1947 v.
1173 1886 1234 1950 383
1248 1901 1313 1966 sq.:

1145 1994 1398 2074 „peccaveram

461 2107 550 2172 Nam
575 2104 860 2191 „Amphitruonis
883 2104 1019 2170 sociem“
1044 2105 1067 2188 †
1090 2126 1186 2170 neme
1210 2125 1283 2171 esse
1305 2105 1401 2171 volui

1215 2217 1357 2282 dicere.“

462 2327 694 2395 Similitudine
736 2327 846 2412 igitur
888 2325 1137 2394 vocabulorum
1176 2327 1300 2408 „Sosia
1309 2332 1323 2362 “
1368 2331 1401 2393 et

379 2441 532 2523 „socius“
557 2458 708 2503 errorem
730 2456 832 2502 sunm
853 2437 1011 2501 excusari
1033 2438 1117 2500 vult.

461 2551 532 2615 Nec
553 2567 634 2614 vero
658 2548 757 2612 aliter
778 2547 913 2612 iocatur
936 2546 1147 2611 Mercurium
1174 2546 1242 2612 sihi
1265 2547 1400 2612 similli-

375 2683 470 2728 mum
493 2680 567 2727 esse
590 2659 734 2724 miratus
757 2678 798 2723 ac
820 2679 850 2722 v.
872 2661 935 2724 458
955 2676 1005 2742 sq.
1019 2659 1042 2740 ¹)
1066 2657 1111 2721 ad
1133 2657 1304 2742 duplicem
1327 2658 1397 2724 vim

376 2775 471 2841 vocis
495 2773 651 2856 „imago“
676 2770 812 2836 alludit:

464 2903 564 2966 „nam
585 2883 784 2969 hicquidem
806 2901 941 2948 omnem
963 2881 1149 2965 imaginem
1169 2901 1289 2963 meam,
1312 2903 1400 2968 quae

884 2993 1028 3058 antehac
1050 2991 1171 3072 fuerat,
1193 2993 1356 3077 possidet.

462 3107 551 3173 Vivo
566 3105 616 3188 fit,
637 3107 729 3192 quod
745 3125 932 3192 numquam
948 3105 1132 3191 quisquam
1147 3107 1284 3170 mortuo
1299 3104 1401 3172 faciet

1239 3217 1355 3282 mihi.“

464 3329 662 3397 Scurriliter
683 3329 792 3414 igitur
815 3329 984 3414 gloriatur
1011 3328 1079 3394 sibi
1094 3328 1183 3393 ‘vivo
1207 3327 1276 3392 iam
1298 3327 1401 3392 talem

378 3442 543 3506 honorem
565 3440 686 3519 tribui,
721 3438 815 3525 quali
838 3441 1009 3518 mortum,
1043 3441 1161 3523 utpote
1195 3438 1255 3524 qui
1282 3457 1400 3504 servus

378 3552 434 3632 sit,
462 3568 651 3634 numquam
673 3549 719 3614 sit
740 3546 917 3612 fruiturus.
965 3546 1103 3632 Cogitat
1137 3549 1178 3612 de
1211 3547 1272 3613 illo
1306 3567 1400 3611 more

378 3665 413 3728 in
435 3661 613 3727 funeribus
637 3659 908 3725 clarissimorum
927 3658 1162 3724 Romanorum
1184 3661 1400 3723 mortuorum

464 3927 484 3991 1)
504 3927 538 3981 cf.
551 3927 744 3982 Sohroederus:
770 3924 818 3989 „de
835 3923 966 3979 Romanis
987 3921 1106 3977 moribus
1128 3921 1259 3991 palliatae
1275 3921 1398 3976 fabulae“

378 4014 442 4068 diss.
455 4013 502 4067 III
520 4028 611 4080 progr.
630 4011 711 4066 schol.
735 4009 924 4065 Morienwerd.
943 4025 1005 4077 pag.
1018 4009 1042 4062 7.
