3256 4900
845 360 884 420 72

354 541 458 608 semel
491 544 696 609 memoravit
732 543 788 624 (cf.
822 544 902 610 Aul.
935 550 1013 624 4473
1047 545 1145 610 Asin.
1178 549 1254 624 3743
1288 547 1378 612 Men.

357 657 454 734 11293
478 641 582 720 Mero.
608 658 686 734 2743
715 655 814 739 Epid.
842 657 918 735 1833
941 655 1063 720 Pseud.
1089 659 1165 734 7623
1189 655 1281 721 Pers.
1306 659 1377 723 607.

354 767 439 846 609).
484 766 601 850 Neque
634 785 676 829 ne
703 763 827 830 Graeci
860 765 998 850 quidem
1031 766 1068 830 in
1100 767 1203 832 rebus
1229 766 1379 850 publicis

353 875 566 960 privatisque
609 876 681 949 τούς
717 876 847 948 οἰωνοὺς
890 876 1058 962 respicere
1102 876 1267 942 solebant.
1328 874 1377 944 Of.

355 984 560 1052 Schusterus
583 986 604 1050 l.
629 1006 655 1052 s.
680 1007 706 1052 s.
729 1007 762 1072 p.
787 991 837 1068 55,
872 987 931 1072 qui
965 986 1063 1052 affert
1085 987 1241 1072 Xenoph.
1265 989 1377 1054 Anab.

354 1100 383 1176 6,
410 1103 437 1177 1,
462 1100 512 1176 23,
546 1097 607 1164 ubi
640 1098 682 1162 de
715 1099 818 1183 οἰωνῷ
841 1099 990 1184 quodam
1016 1099 1121 1164 verba
1147 1097 1244 1179 fiunt,
1278 1118 1379 1182 quem

354 1205 466 1292 Cyrus
488 1209 602 1274 minor
624 1210 753 1295 Ephesi
774 1210 917 1275 viderat.
958 1209 1184 1275 Proverbium
1205 1209 1274 1274 huc
1296 1229 1379 1294 qua-

355 1319 458 1385 drans
494 1320 599 1386 tradit
632 1321 802 1387 Zenobius
837 1320 875 1401 (I,
889 1323 956 1404 76):
1006 1317 1219 1402 „btpewdvov
1255 1321 1379 1382 οἰωνῶν

355 1433 492 1511 conatast
538 1429 644 1499 Cuius
671 1432 722 1496 rei
750 1431 928 1516 complura
955 1431 1111 1516 exempla
1139 1431 1260 1496 afferre
1285 1430 1379 1516 equi-

356 1544 432 1608 dem
456 1543 670 1629 supersedeo.

443 1653 544 1734 Quod
566 1653 674 1740 igitur
697 1653 810 1718 adhuc
836 1672 970 1737 semper
997 1653 1231 1719 demonstrare
1254 1651 1379 1730 studui,

356 1784 413 1831 eos
435 1765 540 1843 locos,
568 1764 694 1849 quibus
717 1783 829 1828 mores
852 1763 1078 1848 inst'tutoque
1105 1783 1166 1848 per
1189 1783 1224 1829 se
1247 1763 1324 1847 ipsa
1347 1763 1379 1827 et

355 1877 399 1941 ad
432 1895 487 1942 res
510 1875 684 1942 Romanas
719 1878 751 1940 et
784 1875 829 1939 ad
852 1873 1002 1940 Graecas
1035 1873 1212 1940 referenda
1234 1895 1379 1940 comme

355 1990 543 2068 morantur,
577 1986 688 2072 magis
722 1985 866 2070 originis
895 1983 1045 2051 Graecae
1077 2006 1183 2071 quam
1205 1986 1380 2051 Romanae

356 2101 502 2186 vestigia
523 2120 606 2185 prae
622 2121 658 2166 se
680 2099 778 2180 ferre,
801 2099 893 2164 idem
908 2099 1000 2164 cadit
1021 2097 1058 2162 in
1079 2096 1193 2162 locum
1209 2099 1381 2182 quendam

357 2212 400 2277 ad
433 2231 488 2278 res
511 2211 678 2277 militares
711 2211 947 2295 pertinentem,
981 2209 1043 2275 ubi
1075 2229 1162 2294 quae
1195 2213 1381 2275 narrantur

355 2342 464 2407 neque
487 2342 507 2388 a
529 2322 765 2387 Romanorum
787 2341 896 2406 neque
923 2341 944 2384 a
967 2319 1178 2386 Graecorum
1200 2321 1379 2406 pugnandi

354 2434 487 2500 ratione
519 2433 619 2498 valde
653 2433 856 2517 discrepant.
914 2431 1001 2497 Dico
1038 2431 1135 2495 illam
1172 2431 1379 2516 particulam

353 2544 555 2630 longiorem,
589 2564 658 2628 qua
680 2563 701 2608 a
723 2541 823 2608 Sosia
855 2531 973 2626 pugna
1006 2563 1085 2607 cum
1108 2543 1266 2609 Telobois
1289 2541 1380 2608 facta

356 2655 562 2721 describitur
584 2659 663 2734 (vss.
688 2655 878 2733 203-261).
926 2651 1144 2738 Quamquam
1172 2657 1285 2748 autem
1309 2654 1380 2718 iam

354 2768 390 2833 in
412 2767 525 2852 prima
547 2769 644 2852 parte
666 2766 708 2831 de
729 2764 963 2830 Romanorum
986 2766 1089 2830 rebus
1112 2764 1321 2831 militaribus
1343 2764 1379 2829 in

355 2879 420 2944 hac
453 2875 571 2943 fabula
605 2876 719 2942 allatis
755 2879 861 2944 verba
893 2876 1021 2944 faciens
1059 2878 1161 2942 etiam
1195 2877 1379 2943 nonnullos

355 3009 474 3056 versus
519 2990 563 3055 ad
607 2991 696 3056 hanc
738 3009 892 3076 pugnam
937 2990 1128 3074 spectantes
1174 2989 1378 3069 enumeravi,

356 3101 481 3186 quibus
514 3121 569 3167 res
592 3101 635 3166 ad
669 3101 809 3167 illorum
831 3100 965 3166 animos
999 3103 1033 3164 et
1053 3099 1192 3183 ingonia
1214 3100 1380 3185 quodam-

355 3212 457 3276 modo
482 3212 759 3277 accommodatae
781 3211 943 3296 leguntur
966 3209 1019 3290 (of.
1044 3229 1110 3274 vss.
1128 3213 1199 3275 218.
1218 3214 1289 3276 221.
1306 3214 1377 3276 222.

355 3325 426 3388 226.
444 3326 516 3388 227.
534 3327 605 3389 250.
623 3325 685 3390 258
698 3327 772 3408 sq.),
795 3326 911 3388 tamen
933 3323 998 3388 hoc
1017 3321 1187 3406 proelium
1209 3322 1380 3388 uberrime

354 3436 552 3498 enarratum
575 3433 763 3498 Lorenzius
792 3432 926 3515 (Pseud.
950 3431 1055 3517 praef.
1079 3452 1111 3517 p.
1129 3437 1168 3499 55
1192 3433 1306 3498 adnot.
1324 3436 1378 3513 46)

354 3562 534 3628 perperam
568 3543 670 3608 dixit:
709 3544 783 3624 „ein
818 3545 895 3610 echt
931 3545 1119 3610 rdmisohes
1153 3545 1276 3630 Krieg-
1309 3546 1379 3610 und

356 3652 755 3740 Schlaohtengemalde“:
779 3675 841 3721 nec
862 3657 974 3741 magis
987 3657 1180 3742 Langenus,
1203 3657 1264 3741 qui
1286 3656 1380 3722 simi-

354 3765 435 3830 liter
456 3765 624 3831 iudicavit
650 3767 811 3850 (Plautin.
836 3765 979 3832 Studien
1001 3785 1033 3850 p.
1059 3767 1114 3848 92)
1141 3786 1260 3830 verum
1282 3765 1378 3830 vidit.

355 3876 494 3943 Rectius
511 3873 716 3943 Schusterus
740 3877 774 3960 (l.
792 3897 817 3943 s.
835 3897 862 3942 s.
879 3897 911 3962 p.
937 3877 992 3959 10)
1015 3877 1152 3942 videtur
1167 3877 1381 3944 contendisse

354 4007 491 4074 pugnae
520 3988 785 4073 descriptionem
817 3991 925 4054 totam
958 4007 999 4053 ex
1033 3988 1221 4073 exemplari
1247 3987 1379 4054 Graeco
