3256 4900
798 329 948 424 jo-

364 536 385 581 a
418 513 519 582 Sosia
551 514 757 595 admonituS‚
794 517 833 580 ut
869 515 911 578 de
944 513 1210 599 Amphitruonis
1244 513 1386 579 aedibus

363 626 525 705 discedat,
548 626 732 711 respondet
752 645 783 688 v.
808 629 870 692 354
886 645 951 711 sq.:

449 737 592 818 „Nescio
626 757 731 821 quam
757 739 794 801 tu
827 735 1008 801 familiaris
1036 737 1099 802 sis:
1135 735 1203 800 nisi
1232 737 1385 800 actutum

1152 845 1233 910 hinc
1256 845 1341 925 abiS,

448 957 640 1024 Familiares
667 956 877 1044 accip<i>ere
908 955 989 1022 faxo
1019 957 1112 1021 haud
1144 955 1384 1040 familiariter.“

447 1070 553 1135 Ludit
588 1069 697 1154 igitur
732 1069 769 1134 in
805 1068 962 1134 vocibus:
1003 1066 1223 1148 „familiaris“
1261 1067 1298 1133 id
1335 1069 1387 1134 est

364 1183 538 1262 „servus“;
576 1184 609 1245 et
647 1179 902 1260 „familiariter“
940 1179 962 1244 i.
1002 1200 1028 1244 e.
1069 1181 1227 1260 „amice“.
1290 1179 1386 1244 Idem

361 1293 458 1358 iocus
491 1291 619 1377 legitur
645 1291 746 1377 Epid.
779 1310 811 1354 v.
840 1295 869 1370 2,
903 1291 964 1356 ubi
991 1290 1154 1376 Epidicus
1182 1289 1386 1376 Thesprioni

362 1403 590 1488 interroganti
617 1403 696 1488 quis
725 1422 761 1467 se
791 1402 898 1486 pallio
925 1402 1189 1485 reprehenderit,
1222 1401 1384 1466 affirmat:

362 1512 602 1599 „Fumiliuris“,
626 1515 659 1577 et
679 1512 739 1576 ille
760 1512 887 1596 pergit:

447 1625 606 1705 „Fateorz
629 1643 711 1689 nam
736 1623 844 1688 odio's
867 1623 1013 1687 nimium
1033 1621 1270 1705 familiariter.“

444 1735 614 1819 Deinceps
651 1733 775 1799 similis
807 1733 904 1798 iocus
940 1734 1122 1818 ambiguus
1157 1752 1197 1798 ao
1229 1730 1385 1798 scurrilis

358 1867 389 1912 v.
417 1849 499 1913 1034
524 1844 684 1926 occurrit,
715 1865 784 1934 quo
807 1845 1000 1911 Mercurius
1023 1844 1077 1910 vel
1098 1844 1213 1930 potius
1235 1845 1385 1910 Pseudo·

361 1959 454 2025 sosia
466 1979 487 2022 a
498 1957 585 2023 Jove
601 1958 718 2024 iussus
729 1958 1017 2042 Amphitruonem
1034 1958 1077 2023 ab
1094 1957 1236 2023 aedibus
1248 1956 1387 2040 abigere

360 2090 437 2135 eum
459 2069 526 2135 hoc
547 2070 650 2135 modo
672 2067 801 2133 illudit:
1093 2075 1095 2081 ’

446 2178 641 2262 „Sacrufico
664 2199 727 2264 ego
750 2178 816 2245 tibi
818 2229 945 2245 .....
981 2178 1073 2261 Quia
1095 2179 1186 2244 enim
1211 2181 1245 2244 te
1271 2180 1384 2242 macto

1120 2288 1339 2355 infortunio.“

406 2419 410 2424 '
445 2411 522 2476 Vox
536 2411 689 2491 „macto“
704 2409 807 2475 hahet
822 2410 912 2474 hano
927 2409 1098 2493 duplicem
1113 2410 1197 2474 vim:
1216 2409 1385 2492 „aliquem

360 2522 478 2606 aliqua
499 2521 591 2585 mala
612 2540 649 2585 re
679 2519 870 2602 afficere“¹)
904 2523 950 2585 et:
987 2520 1180 2600 „hominem
1214 2521 1384 2606 quendam

359 2632 549 2698 honoribus
576 2631 757 2696 decorare“
792 2634 852 2695 aut
885 2631 1007 2711 „deum
1034 2630 1203 2697 sacrificio
1225 2631 1382 2717 placare“

358 2741 414 2817 (cf.
445 2740 514 2808 Cic.
539 2741 650 2806 Vatin.
681 2745 710 2820 6,
740 2745 794 2806 14:
832 2761 929 2821 „cum
963 2761 1149 2826 puerorum
1182 2743 1268 2809 extis
1303 2744 1383 2808 deos

339 2858 477 2919 'manes
511 2854 660 2917 mactare
694 2850 852 2936 soleas“).
902 2852 1086 2938 Ussingius
1121 2856 1235 2918 autem
1267 2873 1383 2919 voces:

346 2963 571 3046 '„infortunio
608 2966 779 3027 mactare<
818 2982 1008 3048 perperam,
1047 2963 1081 3027 ni
1119 2962 1230 3044 fallor,
1267 2965 1383 3029 vertit:

363 3075 469 3157 „nihil
485 3075 624 3140 omnino
641 3077 795 3139 curare“:
814 3093 900 3159 quae
916 3075 1097 3160 explicatio
1112 3075 1148 3139 in
1164 3076 1256 3140 hunc
1270 3075 1385 3141 locum

362 3186 502 3252 minime
539 3186 694 3271 quadrat.
748 3186 836 3251 Nam
874 3186 1067 3253 Mercurius
1104 3187 1188 3252 dicit
1225 3187 1384 3272 ambigue

361 3297 607 3382 Amphitruoni
635 3316 671 3362 se
694 3296 897 3378 sacrificare,
927 3298 1009 3383 quia
1030 3297 1127 3363 illum
1152 3301 1287 3378 mactet,
1315 3319 1384 3364 non

361 3406 485 3486 hostia,
509 3407 569 3471 sed
584 3405 782 3471 infortunio.
819 3406 997 3473 Gloriatur
1011 3408 1119 3492 igitur
1141 3428 1177 3474 se
1193 3409 1224 3473 ei
1246 3411 1384 3495 negotia

446 3627 467 3696 1)
486 3627 519 3681 cf.
538 3627 634 3682 Bacch.
652 3628 712 3681 364.
731 3628 790 3681 886.
820 3627 898 3681 Ourc.
917 3628 967 3682 537
980 3645 1019 3697 sq.
1047 3630 1122 3686 Trin.
1137 3632 1195 3686 993.
1222 3632 1305 3686 Poeu.
1322 3631 1384 3684 517:

449 3712 591 3780 „Aliquem
609 3717 728 3767 mactare
744 3711 917 3767 infortunio.“

446 3798 511 3852 Aul.
530 3799 593 3853 535:
614 3804 748 3863 „mactare
764 3799 835 3852 malo
854 3802 882 3852 et
900 3799 1025 3862 damno“;

446 3883 545 3951 Amph.
563 3883 598 3938 fr.
617 3885 645 3938 1:
666 3888 800 3947 „mactare
817 3883 962 3938 cruciatu“.

447 3968 527 4022 Most.
546 3970 591 4022 61:
613 3975 746 4032 „mactare
763 3985 863 4038 magna
880 3969 952 4023 mala
970 3972 1024 4022 re“.
