3256 4900
794 413 947 504 -4'2-

358 594 413 680 (of.
438 594 521 662 cist.
546 599 618 663 496.
651 595 749 662 Truo.
774 599 846 664 805.
874 597 973 662 Truo.
998 601 1048 662 29.
1077 596 1167 662 Trin.
1193 601 1265 663 591.
1292 601 1382 664 1070.

356 706 458 772 Poen.
483 710 554 775 830.
579 711 651 774 900.
676 706 972 792 0000418001.
998 712 1083 788 692).

445 817 542 900 Quae
558 819 682 898 omnia,
702 838 790 904 quae
806 822 838 883 et
853 819 894 883 de
909 820 1029 904 poetae
1045 819 1177 883 ratione
1193 818 1383 884 orationem

358 925 496 994 fabulae
518 929 660 994 liberius
683 931 786 1014 atque
808 928 992 994 artificiose
1019 929 1257 995 conformandi
1283 932 1317 994 et
1343 929 1385 994 de

358 1038 403 1104 iis
425 1037 511 1105 locis
528 1038 680 1106 elocutus
704 1060 789 1119 sum,
813 1041 873 1126 qni
889 1043 949 1105 aut
969 1041 1033 1107 toti
1048 1045 1108 1106 000
1123 1041 1240 1126 aliqua
1263 1040 1384 1106 saltem

359 1171 401 1216 ox
438 1155 535 1236 parte
572 1154 616 1218 ad
652 1173 707 1220 res
743 1173 823 1218 vere
859 1154 1032 1218 Romanas
1069 1152 1254 1218 revocandi
1291 1155 1384 1230 sunt,

360 1262 489 1347 optime
511 1264 642 1344 docent,
665 1284 770 1351 quam
793 1263 915 1330 sollers
939 1267 972 1329 et
994 1263 1193 1348 ingeniosus
1215 1263 1252 1327 in
1275 1282 1385 1327 exem-

359 1371 450 1457 plari
490 1375 608 1440 Attico
649 1374 885 1442 transferendo
927 1374 1039 1439 fuerit.
1098 1375 1229 1439 Eorum
1271 1376 1385 1438 autem

358 1503 522 1550 versuum
554 1487 616 1572 qui
648 1490 708 1552 000
739 1487 804 1552 toti
837 1490 898 1551 aut
924 1506 965 1550 ex
991 1485 1122 1550 maiore
1143 1488 1241 1570 parte
1263 1485 1308 1549 ad
1329 1503 1384 1550 res

359 1596 533 1664 Romanas
576 1600 761 1684 pertinent,
806 1600 905 1682 origo
948 1596 1080 1663 Graeca
1121 1595 1230 1661 multo
1271 1596 1384 1681 magis

358 1708 494 1773 videtur
516 1711 710 1789 obscurata,
733 1729 837 1795 quam
859 1727 976 1774 eornm
998 1708 1059 1774 ubi
1074 1707 1213 1793 singula
1235 1710 1385 1772 tantum-

359 1820 462 1885 modo
477 1821 647 1887 vocabula
662 1821 781 1886 eodem
800 1819 991 1906 spectantia
1006 1821 1200 1899 occurrunt,
1221 1819 1386 1904 qnoniam

358 1931 543 1998 sententias
567 1932 741 2018 generales
757 1932 811 1998 his
835 1951 1014 2017 expressas
1031 1951 1072 1996 ex
1095 1931 1250 2016 exemplo
1265 1931 1384 1996 Attico

358 2042 482 2126 petitas
505 2063 580 2110 esse
601 2047 723 2128 putare
745 2063 814 2109 non
829 2046 994 2107 vetamur.
1034 2041 1129 2124 Quas
1149 2043 1229 2106 inde
1243 2041 1384 2107 fluxisse

358 2174 427 2238 qua
449 2154 624 2239 probabili
645 2155 778 2220 ratione
799 2155 909 2220 evinci
931 2155 1051 2238 possit,
1075 2154 1223 2218 maxime
1238 2154 1282 2219 iis
1298 2152 1384 2218 locis

355 2265 577 2350 intellegitur,
612 2266 672 2332 ubi
694 2269 755 2330 aut
779 2265 969 2330 locutiones
991 2284 1170 2350 vocesque,
1194 2283 1281 2349 quae
1305 2284 1383 2329 oum

359 2375 569 2443 Graecorum
602 2376 774 2444 similibus
808 2376 956 2442 conferri
988 2380 1143 2461 possunt,
1178 2380 1239 2441 aut
1271 2395 1384 2442 mores

358 2489 585 2572 institutaque
612 2489 932 2566 commemorantur,
967 2489 1093 2571 quibus
1127 2491 1160 2552 et
1182 2487 1330 2552 Romani
1353 2492 1386 2551 et

359 2598 483 2664 Graeci
515 2599 645 2683 pariter
676 2599 730 2663 usi
765 2604 853 2664 sunt.
908 2599 955 2663 Et
987 2600 1031 2663 ad
1064 2601 1153 2664 hanc
1185 2620 1259 2666 rem
1293 2620 1383 2665 oom-

358 2709 516 2795 pluribus
540 2709 704 2795 exemplis
732 2710 1024 2795 comprobandam
1052 2710 1163 2775 oratio
1190 2730 1266 2775 mea
1293 2731 1384 2775 nunc

358 2841 395 2887 se
418 2824 538 2888 vertat.

762 3041 981 3128 CaputIL

403 3206 567 3286 Quomodo
595 3207 689 3293 origo
717 3206 842 3276 Graeca
868 3205 1038 3294 probabili
1066 3205 1182 3292 aliqua
1208 3205 1341 3275 ratione

761 3336 836 3405 erui
862 3335 980 3423 possit.

443 3498 559 3563 Primo
582 3498 659 3564 loco
676 3499 717 3563 de
738 3498 925 3583 phrasibus
945 3496 1156 3581 vocibusque
1177 3497 1383 3580 quibusdam

359 3609 534 3686 disseram,
559 3628 645 3694 quas
662 3630 738 3675 oum
757 3607 968 3674 Graecorum
988 3607 1160 3674 similibus
1182 3627 1384 3693 componere

357 3737 555 3803 possumus:
600 3722 703 3804 atque
744 3718 907 3803 incipiam
945 3738 966 3783 a
1003 3717 1177 3784 nonnullis
1214 3719 1384 3784 eiusmodi

357 3830 590 3896 locutionibus
613 3830 824 3915 vocibusque
845 3830 895 3894 ita
918 3830 1079 3915 ambigue
1099 3828 1231 3914 positis,
1255 3832 1294 3893 nt
1315 3828 1384 3895 ioci

359 3941 520 4006 scurriles
544 3941 709 4007 oriantur.

445 4051 483 4116 V.
507 4055 568 4119 325
592 4052 765 4118 Mercurio
792 4052 946 4138 professo
974 4052 1043 4118 sibi
1069 4070 1189 4116 vocem
1216 4052 1259 4116 ad
1282 4070 1382 4116 aures
