3256 4900
675 403 828 494 -ω-

326 586 535 670 „Puerperae
558 605 644 670 opus
667 589 719 651 est
741 587 853 666 cibus,
888 589 991 672 opust
1023 586 1127 651 matri
1159 588 1262 664 veste,

827 717 914 782 quae
936 717 1080 782 puerum
1102 697 1219 761 lavit.“

324 806 490 873 Similiter
512 809 602 894 apud
626 808 775 874 Graecus
809 808 910 874 liberi
943 813 1022 893 post
1054 812 1193 893 partum
1226 807 1262 870 in

240 939 329 1004 aqua
352 919 467 1004 tepida
490 941 565 984 cum
591 919 665 985 oleo
683 920 869 985 commixta
884 919 1104 986 lavabantur:
1129 918 1168 984 cf.
1187 917 1262 984 Sui-

239 1031 301 1094 das
324 1050 349 1096 s.
374 1050 404 1093 u.
428 1030 542 1110 χύτλα,
579 1032 621 1097 de
654 1032 794 1096 lavandi
822 1031 1065 1097 consuetudine
1094 1029 1134 1095 cf.
1160 1031 1263 1095 etiam

239 1139 471 1208 Callimachus
495 1143 625 1226 (hymn.
650 1143 686 1207 in
708 1143 779 1208 lor.
805 1163 852 1208 vs.
874 1148 910 1209 15
928 1145 1033 1228 sqq.):

323 1251 430 1333 ,ἔνθα
452 1253 482 1314 σ’
505 1253 575 1316 ἐπεὶ
598 1254 697 1338 μήτηρ
719 1252 868 1334 μεγάλων
890 1252 1082 1334 ἀπεθήκατο
1105 1251 1247 1326 κόλπων,

324 1363 439 1427 αὐτίκα
461 1361 567 1448 δίζητο
590 1363 664 1450 ῥόον
686 1364 814 1438 ὕδατος,
838 1364 864 1449 ᾦ
886 1388 920 1426 κε
943 1363 1047 1427 τόκοιο

325 1473 452 1556 λύματα
474 1475 681 1555 χυτλώσαιτο,
705 1476 777 1539 τεὸν
799 1474 829 1539 δ’
854 1475 901 1538 ἐνὶ
924 1476 1030 1557 χρῶτα
1053 1473 1220 1551 λοέσσαι“,·

241 1591 274 1650 et
300 1586 491 1653 Pausanias
520 1588 565 1670 (8,
589 1592 640 1668 41,
664 1590 699 1671 2)
733 1588 774 1653 de
796 1587 936 1653 flumine
959 1588 1051 1673 quud
1074 1587 1264 1652 vocabatur

239 1696 360 1778 Λύμαξ
381 1718 541 1764 narrans:
567 1701 740 1778 ,γενέσθαι
756 1698 790 1761 δὲ
814 1697 953 1781 τοῦνομά
970 1717 1052 1782 φασι
1068 1700 1112 1783 τῷ
1127 1696 1264 1779 ποταμῷ

240 1811 429 1888 καθαρσίων
452 1809 517 1872 τῶν
532 1809 616 1882 Ῥέας
638 1813 741 1874 ἕνεκα·
764 1809 806 1884 ως
827 1812 888 1894 γάρ
905 1810 944 1895 δὴ
960 1812 1112 1874 τεκοῦσαν
1127 1809 1185 1872 τὸν
1199 1810 1265 1870 Δία

242 1918 407 2004 ἐκάθηραν
430 1919 488 1983 ἐπὶ1
508 1931 577 1995 ταῖς
599 1918 713 1984 ὠδῖσιν
735 1920 769 1984 αἱ
793 1922 962 2004 Νύμφαι.“

326 2031 439 2112 Quam
462 2053 588 2118 aquam
611 2055 652 2097 ne
675 2055 716 2097 ex
738 2041 841 2118 puteo
866 2033 936 2098 altu
959 2052 1093 2098 sumere
1110 2035 1264 2116 cogatur,

240 2141 340 2207 Sosia
362 2143 460 2208 timet
482 2145 518 2227 (l.
536 2164 562 2210 s.
579 2149 628 2224 s).
667 2145 718 2210 De
733 2150 836 2230 puteo
852 2145 943 2210 servi
958 2144 1110 2209 Plautini
1125 2143 1264 2227 saepius

239 2253 429 2340 loquuntur
444 2255 499 2337 (cf.
513 2256 586 2321 Mil.
605 2262 675 2322 551.
697 2261 791 2336 1150;
806 2257 894 2321 Rud.
912 2261 983 2322 436.
1001 2259 1077 2335 4603
1095 2252 1171 2322 Cas.
1185 2257 1263 2332 8823

239 2364 340 2430 Poen.
368 2368 463 2448 1152)
497 2371 530 2431 et
563 2366 650 2431 aliae
683 2386 864 2452 personae:
900 2364 939 2431 cf.
965 2366 1066 2431 Most.
1085 2367 1156 2431 380.
1186 2367 1263 2442 7693

239 2475 317 2541 Aul.
335 2479 411 2556 3653
435 2477 522 2541 Rud.
543 2480 610 2543 136.
657 2477 756 2542 Putei
779 2476 842 2542 alti
865 2477 968 2542 etiam
991 2477 1035 2542 ab
1059 2475 1137 2541 aliis
1153 2474 1264 2560 poetis

239 2586 372 2652 Latinis
406 2589 543 2673 saepius
578 2589 767 2654 afferuntur
801 2589 857 2673 (cf.
881 2589 966 2654 Hor.
993 2609 1042 2674 ep.
1070 2595 1097 2668 1,
1128 2593 1177 2667 15,
1208 2590 1263 2666 15;

240 2701 269 2777 2,
293 2700 323 2777 3,
347 2702 408 2764 459
425 2699 494 2780 al).
530 2699 657 2763 Verum
671 2701 708 2764 in
725 2698 870 2765 Graecia
893 2719 1029 2786 quoque
1051 2699 1146 2784 putei
1168 2700 1266 2763 erant

240 2808 411 2888 altissimi,
445 2814 484 2875 ut
506 2810 541 2874 in
565 2831 642 2875 curn
670 2831 796 2895 aquam
818 2812 964 2896 petitum
988 2811 1193 2877 descendere
1214 2808 1265 2874 fa-

242 2921 305 2986 cile
339 2941 407 2985 non
441 2925 530 2986 esset
552 2919 608 3003 (cf.
632 2921 718 2985 Plat.
742 2922 846 2987 Lach.
879 2927 938 2988 193
956 2921 997 2988 O:
1033 2924 1108 3003 ,καὶ
1131 2921 1200 2985 ὅσοι
1222 2919 1266 2982 ἄν

240 3032 399 3096 ἐθέλωσιν
432 3034 477 3107 εἷς
516 3035 617 3116 φρέαρ
656 3036 904 3114 καταβαίνοντες
948 3035 1002 3095 καὶ
1047 3032 1266 3114 κολομβῶντες

242 3155 403 3227 καρτερεῖν
425 3143 460 3206 έν
482 3143 581 3229 τούτῳ
605 3146 649 3227 τῷ
672 3142 788 3229 ε”ργῳ“,·
823 3145 960 3229 Protag.
979 3148 1040 3211 349
1057 3145 1100 3209 E:
1133 3145 1266 3224 ,Οἶσθα

240 3254 297 3318 οὖν
319 3258 402 3329 τίνες
423 3257 469 3329 εἷς
491 3256 531 3317 τά
555 3257 679 3339 φρέατα
706 3254 886 3337 κολομβῶσι
911 3253 1116 3341 θαρραλέως,
1140 3253 1265 3333 Ἔγωγε,

240 3368 290 3430 ὅτι
312 3365 341 3431 οἱ
364 3365 588 3452 κολυμβηταθ,
626 3369 718 3454 quod
751 3368 959 3434 vocabulum
986 3368 1181 3451 Hesychius
1215 3367 1267 3433 sic

240 3479 400 3565 explicat:
437 3480 530 3560 „cong
558 3479 592 3542 έκ
626 3480 690 3542 τάν
725 3481 873 3563 φρεάτων
907 3478 1162 3560 ἀναπέμποντας
1195 3478 1267 3550 τούς

239 3587 387 3664 κάδους.“
448 3589 590 3676 Saepius
630 3592 735 3657 situla
773 3593 817 3657 ad
853 3592 973 3657 restim
1014 3610 1102 3676 quae
1140 3591 1267 3655 dicitur

240 3700 350 3784 ἱμονία
372 3703 425 3768 vel
448 3700 611 3787 ῖμητῄριον
634 3703 777 3789 alligata
800 3705 837 3768 in
864 3706 1005 3788 puteum
1028 3702 1178 3768 demissa
1200 3704 1265 3766 est:

241 3814 281 3881 cf.
305 3815 425 3882 Alexis
449 3815 527 3897 (III,
544 3820 605 3882 465
623 3820 689 3881 ν.9
713 3816 847 3898 lllein.);
877 3814 1111 3900 Apollodorus
1138 3811 1266 3878 Gelous

241 3927 314 4009 (IV,
338 3929 426 4009 438).

327 4039 434 4104 Porro
458 4037 598 4102 afferam
619 4057 688 4102 vss.
708 4041 767 4103 153
784 4057 873 4121 sqq.:
