3256 4900
339 1449 580 1543 perlustranti
616 1478 702 1542 milri
739 1497 826 1564 quae
863 1478 930 1543 viri
962 1478 1054 1544 docti
1087 1479 1200 1544 adhuc
1233 1480 1275 1544 de

250 1589 372 1655 Plauto
410 1589 551 1674 eiusque
587 1587 713 1654 fabulis
748 1589 972 1674 scripserunt,
1009 1609 1097 1655 unus
1132 1608 1273 1674 campus

250 1720 355 1784 paene
389 1700 483 1765 omni
517 1699 611 1766 cultu
644 1701 780 1765 videtur
812 1720 942 1766 vacare.
989 1701 1077 1766 Nam
1110 1703 1271 1787 perpauci

249 1811 443 1876 accuratius
476 1811 670 1896 perspicere
704 1811 817 1876 conati
851 1814 944 1890 sunt,
983 1830 1150 1896 quaenam
1184 1811 1272 1876 ratio

249 1921 371 1988 Plauto
395 1942 471 1988 oum
488 1921 532 1987 iis
556 1921 696 1988 comicis
713 1920 854 1987 Graecis
870 1922 1101 2000 intercederet,
1125 1942 1272 2008 quorum

248 2031 383 2100 fabulas
406 2035 446 2098 ut
466 2033 671 2114 imitaretur,
695 2033 763 2099 sibi
785 2036 1019 2118 proposuerat.
1058 2033 1104 2098 Et
1125 2034 1161 2097 in
1183 2034 1273 2098 hanc

248 2164 331 2210 sane
357 2145 593 2230 quaestionem
625 2165 667 2209 ne
693 2144 880 2230 plurimum
915 2165 1037 2230 operae
1061 2149 1272 2224 consumant,

249 2256 349 2321 multi
383 2256 547 2321 deterreri
572 2258 726 2340 possunt,
761 2276 838 2321 cum
871 2255 959 2322 nihil
991 2276 1064 2322 esso
1098 2255 1271 2322 difficilius

249 2367 414 2447 videatur,
449 2386 553 2452 quam
586 2387 604 2432 e
637 2366 792 2452 pauculis
825 2366 1032 2432 comicorum
1061 2365 1270 2432 Graecorum

247 2477 449 2564 fragmentis
484 2477 647 2554 conicere,
682 2478 855 2561 quomodo
889 2477 1032 2543 Plautus
1064 2477 1272 2562 exemplaria

249 2588 379 2656 Graeca
415 2592 551 2656 secutus
588 2589 642 2653 sit.
705 2590 827 2674 Itaque
863 2588 906 2654 iis
943 2590 1004 2675 qui
1040 2593 1154 2655 tamen
1191 2591 1272 2655 huic

248 2702 440 2787 quaestioni
470 2721 608 2786 operam
636 2702 729 2781 dant,
763 2721 898 2767 summa
931 2702 1044 2768 cautio
1079 2703 1272 2769 adhibenda

248 2816 307 2879 est.
354 2811 455 2893 Quod
488 2812 515 2877 ii
547 2813 706 2877 videntur
738 2812 938 2896 neglexisse,
972 2814 1033 2899 qui
1066 2816 1203 2898 poetam
1231 2834 1271 2878 ex

247 2921 410 3007 exemplis
426 2922 553 2987 Atticis
573 2940 744 3006 perpauca
759 2924 947 3007 sumpsisse
969 2923 1143 3002 dixerunt3
1167 2944 1269 3009 quam

247 3034 448 3100 sententiam
471 3036 607 3118 praeter
628 3033 827 3116 Rostium,¹)
856 3031 895 3098 G.
919 3035 1154 3119 Koopkium,²)
1178 3033 1268 3100 Guil.

248 3144 519 3228 A.Beckerum³)
535 3143 705 3228 imprimis
722 3141 761 3208 G.
779 3146 821 3208 A.
839 3141 1103 3224 Sohroedorns⁴l
1122 3145 1270 3211 defendit

246 3254 420 3340 professus
445 3252 676 3334 „Sarsinatem
696 3273 765 3317 non
780 3272 920 3338 passum
936 3273 1009 3320 esse
1023 3255 1060 3319 in
1083 3256 1268 3322 comoediis

333 3461 353 3529 ¹)
380 3460 508 3529 Opuscul.
528 3460 550 3526 1,
576 3460 589 3512 1
609 3476 679 3527 squ:
709 3459 757 3524 „de
774 3459 869 3514 Plauti
887 3459 1050 3515 auctoritate
1068 3461 1102 3514 ad
1120 3460 1271 3515 faciendam

245 3562 335 3601 rerum
352 3547 526 3614 antiquarum
543 3545 645 3600 fidem.“

331 3633 350 3699 ²)
379 3633 509 3687 Zeitschr.
528 3631 548 3685 f.
567 3631 795 3687 Altertumswiss.
815 3633 882 3686 1835
899 3632 933 3687 N.
948 3634 997 3686 153
1008 3649 1064 3700 sqq.

330 3719 352 3784 3)
381 3718 439 3783 ,Dc
479 3716 586 3771 comicis
621 3717 805 3772 Romanorum
843 3717 944 3772 fabulis
983 3718 1099 3772 maxime
1133 3717 1269 3771 Plautinis

245 3804 431 3872 quaestiones“
468 3803 544 3870 Lips.
575 3803 642 3856 1837
678 3809 717 3856 et:
755 3803 903 3866 „vindiciae
931 3803 1081 3858 comoediae
1115 3802 1270 3857 Romanae“

244 3890 306 3943 ibid.
327 3889 402 3942 1837.

329 3975 351 4043 ⁴)
378 3974 437 4038 „De
459 3974 590 4028 Romanis
613 3973 731 4027 moribus
754 3972 885 4040 palliatae
906 3972 1030 4027 fabulee“
1055 3973 1162 4028 dissert.
1185 3973 1268 4027 tertia

244 4076 334 4129 progr.
353 4059 433 4114 schol.
453 4059 641 4113 Marionwerd.
662 4059 736 4113 1853.
