3256 4900
703 353 857 464 „33-

268 557 378 624 solum
402 556 572 622 militibus
587 556 728 641 peperit.
763 556 858 640 Ergo
874 556 976 640 poeta
991 553 1126 618 videtur
1141 551 1293 616 alludere

268 670 311 734 ad
344 669 578 733 Romanorum
616 687 744 731 morem
781 666 908 732 milites
942 666 1089 731 victores
1122 662 1292 728 frumento

268 781 322 846 vel
345 780 476 858 adoria,
499 779 536 844 id
559 781 610 845 est
631 778 703 844 libo
727 799 768 844 ex
790 779 895 843 adore
916 777 1017 857 facto,
1042 774 1202 841 donandi.

352 893 453 956 Nunc
474 909 555 956 vero
580 890 771 956 locutiones
798 892 843 956 ad
865 891 1100 956 Romanorum
1126 905 1181 952 res
1204 883 1293 949 mili-

266 1006 358 1068 tares
392 1002 598 1087 pertinentes
632 1006 671 1067 ut
703 1022 910 1081 enumerem,
947 1023 978 1066 v.
1013 1004 1075 1066 222
1110 985 1294 1064 occurrunt

267 1115 372 1179 verba
403 1113 499 1177 trita:
539 1113 710 1199 „legiones
739 1115 939 1190 iustruere“²
978 1132 1065 1197 quae
1094 1108 1293 1194 saepissime

270 1225 362 1309 apud
389 1221 569 1289 Caesarem
605 1224 760 1308 aliosque
792 1245 907 1289 rerum
941 1224 1176 1288 Romanarum
1209 1220 1293 1286 scri-

270 1339 384 1418 ptores
399 1335 549 1399 redeuut.
580 1336 758 1400 Praeterea
774 1334 915 1400 afferam
930 1333 1031 1399 illud:
1050 1333 1186 1412 „sedere
1202 1333 1293 1417 apud

269 1447 402 1524 hostes“
421 1445 463 1528 (v.
479 1450 564 1526 599),
581 1447 622 1511 de
638 1466 707 1532 qua
721 1447 893 1513 locutione
908 1446 1036 1511 usitata
1048 1443 1291 1510 Taubmannus

267 1556 432 1621 nonnulla
444 1557 577 1637 attulit3
601 1559 758 1642 equidem
774 1559 858 1624 haec
874 1557 1029 1642 exempla
1044 1556 1183 1621 addam:
1207 1555 1289 1640 Nep.

266 1667 401 1733 Datam.
424 1672 459 1748 83
483 1670 609 1734 Lucan.
627 1669 671 1748 II,
695 1673 772 1749 4743
796 1670 869 1735 Liv.
887 1674 969 1747 2,]2.

351 1779 459 1844 Porro
482 1780 645 1866 leguntur
665 1800 697 1845 v.
721 1786 785 1848 414
807 1782 893 1847 haec
914 1783 1033 1848 verba:

354 1893 407 1970 „et
429 1891 581 1976 legiones
598 1892 825 1959 Teloboarum
847 1894 882 1958 vi
905 1893 1091 1978 pugnando
1108 1891 1289 1976 cepimus.“

352 1999 402 2066 Of.
428 2002 526 2068 Asin.
552 2006 628 2069 555:

355 2113 419 2192 „Vi
440 2115 627 2199 pugnando
650 2114 811 2200 periuriis
835 2115 963 2181 nostris
986 2114 1087 2198 liugae
1109 2112 1241 2197 potiti.“

351 2227 440 2290 Men.
468 2230 558 2293 1036.
583 2227 656 2292 Mil.
682 2231 753 2293 267.
779 2225 848 2292 Cic.
874 2227 917 2291 ad
939 2225 1044 2290 famil.
1070 2225 1109 2305 V,
1134 2224 1216 2290 10b:

354 2358 434 2418 „sex
457 2339 585 2423 oppida
607 2340 642 2404 vi
666 2340 897 2425 oppugnando
921 2339 1103 2423 cepimus.“

352 2450 452 2514 Adde
475 2450 566 2534 quod
593 2471 625 2514 v.
652 2455 726 2516 196:

353 2564 410 2640 „ut
454 2559 599 2644 gesserit
642 2580 715 2624 rem
758 2560 931 2645 publicam
975 2561 1090 2640 ductu,
1134 2557 1290 2644 imperio,

970 2673 1124 2759 auspicio
1148 2674 1247 2751 suo“;

352 2785 386 2847 et
407 2802 438 2846 v.
464 2785 540 2849 657:

352 2893 441 2973 „Eos
469 2893 624 2979 auspicio
648 2914 723 2958 meo
750 2898 851 2980 atque
868 2894 1038 2980 [in]duotu
1054 2895 1166 2980 primo
1190 2899 1289 2960 coetu

1080 3007 1246 3072 vicimus“

263 3112 432 3179 formulae
454 3114 548 3180 illius
564 3115 756 3180 cotidianae
771 3117 898 3181 mentio
913 3115 962 3197 fit,
986 3137 1089 3202 quam
1106 3118 1290 3202 scriptores

264 3225 427 3304 Romani,
467 3228 505 3290 ut
536 3226 756 3311 designarent
789 3227 929 3311 aliquod
963 3227 1092 3294 bellum
1126 3226 1290 3313 auspiciis

263 3334 364 3402 factis
381 3340 578 3422 susceptum
595 3357 677 3418 esse,
693 3339 893 3423 saepissime
907 3343 1097 3424 posuerunt
1118 3339 1172 3420 (cf.
1188 3340 1288 3424 Epid.

265 3449 337 3512 343.
362 3450 440 3527 3813
474 3448 561 3513 Plin.
585 3470 617 3513 n.
642 3451 673 3514 h.
699 3454 728 3530 3,
753 3454 803 3529 24,
828 3454 861 3530 43
896 3447 986 3516 Suet.
1011 3452 1101 3536 Aug.
1126 3454 1181 3530 213
1210 3451 1287 3516 Tac.

265 3557 390 3626 Annal.
415 3563 444 3637 2,
468 3565 524 3638 413
548 3560 621 3625 Liv.
646 3565 697 3639 41,
721 3564 777 3641 283
802 3560 837 3628 C.
862 3562 888 3626 Ι.
912 3563 949 3628 L.
978 3563 1005 3644 l,
1029 3567 1101 3628 541.
1126 3566 1197 3628 542.
1222 3562 1288 3644 al).

264 3667 381 3753 Neque
404 3671 495 3735 enim
515 3671 662 3736 Romani
684 3673 753 3737 nisi
776 3674 954 3758 auspicato
977 3674 1104 3740 bellum
1129 3675 1292 3757 gerebant

266 3777 320 3857 (of.
357 3779 427 3846 Cic.
463 3783 504 3847 de
538 3783 641 3848 divin.
676 3784 703 3862 Ι,
738 3790 767 3864 2,
802 3789 836 3864 3;
875 3787 985 3851 Plaut.
1020 3788 1112 3851 Pers.
1146 3806 1177 3850 v.
1213 3788 1289 3860 606;

264 3890 495 3975 Kesebergius
518 3892 540 3957 l.
564 3913 590 3959 s.
614 3913 641 3960 s.
665 3913 696 3979 p.
722 3896 769 3978 9).

350 4001 432 4067 Alia
447 4002 575 4070 locutio
591 4004 659 4070 huo
674 4007 848 4091 quadrans
864 4011 1074 4073 memoratur
1096 4027 1127 4072 v,
1145 4010 1208 4074 258
1224 4027 1289 4092 sq.:
