3256 4900
719 393 759 455 55

666 477 819 484 .—-—..

230 575 288 656 IV,
313 580 373 642 261
398 576 507 659 (110):

315 685 402 767 „de
424 684 511 749 ἔστιν
533 684 628 750 οὐδὲν
650 685 851 771 ἀθλιώτερον
867 687 997 770 πατρός,

313 796 400 878 πλὴν
421 801 523 882 ἕτερος
545 801 590 860 οίν
611 797 631 884 ἦ
653 797 814 862 πλειόνων
835 797 964 862 παίδων
987 798 1129 883 πατήρίι,Ι

230 908 289 990 lv,
313 913 375 975 reo
398 912 506 992 (ioan

315 1022 382 1101 „Td
405 1021 531 1100 γυναῖκ’
554 1021 637 1118 ἔχειν
658 1024 743 1086 εἶναί
765 1046 799 1085 τε
821 1020 961 1098 παίδων,
986 1025 1176 1106 Παρμένων,

312 1134 437 1217 πατέρα
458 1135 612 1216 μερίμνας
634 1133 684 1218 τρῖ
701 1136 760 1218 βίῳ
783 1132 907 1207 πολλὰς
930 1136 1050 1218 φέρει,“

233 1240 283 1309 Of.
308 1244 410 1308 etiam
431 1244 701 1330 Peripleeomeni
724 1245 835 1310 oratio
858 1245 931 1309 Mil.
956 1265 986 1308 v.
1006 1249 1066 1310 719
1083 1265 1158 1330 sqq.

312 1355 439 1420 Verum
462 1359 577 1421 tamen
599 1355 683 1422 haee
706 1356 799 1422 dieta
821 1356 995 1437 Plautina,
1030 1376 1118 1441 quae
1146 1375 1252 1442 supra

227 1466 337 1547 attuli,
362 1467 466 1531 etiam
488 1468 532 1533 ad
547 1487 601 1532 res
618 1466 768 1533 Graecas
784 1470 939 1553 spectare
954 1470 1109 1552 possunt,
1133 1486 1253 1552 quam-

227 1597 332 1662 quam
363 1579 583 1664 Ladewigius
616 1580 723 1662 (iiber
762 1579 828 1644 den
861 1580 986 1645 Kanon
1020 1579 1079 1644 des
1114 1576 1251 1643 Volcae.

225 1686 339 1772 Sedig.
363 1709 395 1773 p.
412 1694 432 1754 4
447 1693 510 1774 sq.)
533 1690 618 1756 haee
640 1691 789 1774 negavit,
814 1691 976 1776 quoniam
995 1688 1143 1755 Romani
1163 1688 1251 1753 nihil

226 1801 431 1886 flagrantius
459 1803 680 1886 optavissent,
715 1823 820 1888 quam
843 1805 881 1867 ut
903 1802 1031 1882 liberie,
1065 1799 1251 1886 imprimis-

227 1931 293 1997 que
314 1911 406 1994 filiis,
430 1917 646 1998 augerentur.

311 2025 467 2109 Namque
489 2024 582 2088 idem
597 2024 785 2089 Menander
807 2023 958 2108 aliquem
981 2023 1065 2088 haee
1081 2023 1249 2088 dicentem

227 2133 405 2218 facitur,
432 2138 501 2215 164,
527 2136 666 2221 isqq.):

312 2247 410 2330 ,μονὴ
432 2245 606 2331 πολυτελής
628 2246 693 2310 ἐστ’
715 2244 861 2331 ὀχληρόν,
884 2243 952 2310 οὐδ’
976 2244 1015 2324 ἐᾷ

282 2407 284 2414 ,
312 2356 368 2440 ζῆν
390 2358 448 2420 τὸν
470 2357 610 2438 λαβόνθ’
633 2357 675 2432 οἷς
696 2356 829 2439 βούλετ’·
854 2355 938 2419 ἀλλ’
962 2354 1086 2419 ἔνεστί
1109 2379 1143 2416 τι

310 2466 466 2547 ἀγαθὸν
492 2467 556 2531 ἀπ’
579 2467 697 2552 αὐτῆς
719 2466 889 2541 παίδες.“

309 2580 506 2665 Eodemque
529 2599 631 2646 sensu
654 2580 853 2664 accipienda
876 2581 957 2645 sunt
983 2579 1067 2643 haee
1098 2579 1249 2644 eiusdem

227 2692 333 2757 verba
356 2691 429 2771 (IV,
454 2695 516 2756 260
539 2693 663 2775 (105)):

311 2802 378 2882 „Td
400 2813 515 2882 γαμεῖν
538 2801 596 2864 ἐάν
618 2825 666 2875 τις
688 2803 745 2887 τὴν
766 2800 927 2886 ἀλήθειαν
950 2801 1065 2886 σκοπῇ,

312 2913 412 2977 κακὸν
433 2917 493 2994 μέν
516 2912 612 2989 ἔστιν,
635 2912 722 2976 ἀλλ’
745 2911 961 2991 ἀναγκαῖον
983 2911 1133 2975 κακόν.“

312 3027 365 3091 Αο
393 3023 546 3109 profecto
573 3025 775 3110 plerumque
802 3023 926 3090 Graeci
953 3023 1173 3088 matrimonia
1200 3023 1251 3087 in-

226 3135 340 3200 ierunt
362 3133 436 3215 „dn’
459 3133 562 3218 ἀρότῳ
584 3133 714 3197 παίδων
735 3136 903 3218 γνησίωνι,
938 3153 1007 3219 qua
1041 3135 1082 3198 de
1103 3132 1251 3198 formula

228 3245 267 3312 ef.
292 3246 450 3312 Menand.
467 3245 525 3310 IV.
551 3249 612 3311 275
636 3246 743 3329 (185);
767 3245 908 3311 Lucian.
932 3245 1018 3310 Tim.
1045 3250 1099 3322 173
1123 3243 1251 3309 Meina-

224 3359 303 3424 kius
326 3357 485 3422 Menand.
508 3376 540 3441 p.
560 3359 634 3422 135:
658 3357 736 3421 vide
759 3357 862 3421 etiam
886 3354 983 3441 Capt.
1007 3376 1038 3420 v.
1056 3360 1132 3423 889:

311 3467 519 3549 „liberorum
547 3469 825 3552 quaerundorum
853 3488 958 3534 causa
985 3468 1016 3532 ei
1039 3469 1139 3533 eredo
1162 3489 1252 3534 uxor

1021 3579 1103 3644 data
1125 3583 1207 3645 est.“

310 3691 356 3756 Et
381 3689 565 3773 praecipua
596 3688 725 3755 liberos
753 3691 820 3757 sibi
854 3709 927 3755 esse
962 3690 1178 3774 cupiverunt,
1214 3693 1252 3754 ut

224 3801 309 3887 ipsis
332 3800 478 3865 mortuis
513 3800 556 3864 ab
579 3799 622 3865 iis
646 3798 845 3882 ἐναγίσματα
868 3801 988 3885 νεκρῶν
1015 3801 1249 3866 tribuerentur

224 3912 279 3990 (cf.
304 3911 390 3976 Plat.
415 3908 531 3994 Symp.
556 3913 618 3976 208
634 3912 689 3995 E).
734 3913 785 3978 Ne
806 3916 919 3977 autem
934 3915 1014 3996 post
1028 3914 1174 3976 mortem
1188 3910 1249 3976 illo

223 4025 354 4090 honore
376 4022 547 4100 carerent,
580 4022 607 4087 ii
629 4024 690 4109 qui
712 4024 780 4109 ipsi
803 4023 930 4089 liberos
953 4041 1022 4088 non
1044 4023 1251 4088 videbantur
