3256 4900
681 410 835 501 A

247 613 369 660 scaeua
391 597 576 674 remanent,
610 595 660 658 ita
683 593 908 678 accipiuntur,
942 591 1043 677 quasi
1074 610 1155 655 vero
1188 589 1271 673 quid

245 705 364 786 velint,
401 706 605 791 interrogati
639 705 721 770 sint:
760 706 904 790 ideoque
938 724 1007 769 non
1043 702 1147 768 semel
1181 701 1271 766 hano
1338 766 1344 776 ,

244 816 550 900 interrogationem
584 815 738 901 sequitur
772 816 983 880 enuntiatum
1018 813 1110 898 quod
1144 811 1271 876 dicitur

242 926 359 1007 finale,
393 929 453 992 aut
480 926 766 992 aconiunctione
793 924 890 990 finali
917 928 996 1005 „ut“
1019 924 1187 1010 incipiens
1211 924 1271 987 aut

244 1059 284 1103 00
311 1058 444 1104 carons:
483 1037 524 1104 01.
552 1058 583 1102 v.
613 1042 684 1104 542.
713 1042 784 1104 544.
820 1039 909 1103 Men.
940 1041 1012 1104 325.
1046 1037 1168 1102 Pseud.
1197 1038 1269 1101 660.

244 1149 343 1216 Truo.
368 1152 439 1216 883.
474 1148 565 1213 Trin.
592 1152 662 1215 192.
698 1148 821 1213 Bacch.
848 1151 918 1214 604.
955 1146 1037 1214 (1106.
1065 1153 1135 1213 117.
1169 1146 1269 1232 Epid.

244 1265 316 1327 512.
344 1260 436 1326 Pers.
457 1263 527 1326 735.
552 1260 594 1325 al.
618 1259 793 1325 Vahlenus
816 1259 932 1324 Herm.
961 1265 1009 1338 17,
1033 1263 1104 1326 619.

331 1371 439 1436 Porro
455 1370 603 1436 formula
618 1370 792 1436 salutandi
807 1369 964 1454 vulgaris
981 1370 1132 1435 occurrit
1147 1390 1177 1433 v.
1191 1373 1231 1435 67
1235 1372 1268 1434 6:

333 1483 563 1568 „Amphitruo
601 1502 743 1548 uxorem
784 1482 913 1548 salutat
949 1481 1059 1546 laetus
1097 1485 1271 1568 speratam

1097 1593 1225 1659 suam.“

332 1706 420 1770 Nam
443 1704 535 1790 apud
558 1705 732 1770 Romanos
756 1705 786 1768 si
809 1705 887 1790 quis
922 1705 1021 1770 alteri
1054 1705 1126 1770 sive
1147 1704 1272 1769 litteris

244 1817 316 1881 sive
331 1816 447 1882 verbis
470 1816 616 1881 salutem
632 1815 744 1881 dicere
767 1816 913 1896 volebat,
937 1816 1138 1901 plerumque
1160 1835 1269 1900 neque

244 1947 321 1992 eum
344 1927 404 2012 qui
426 1927 537 1992 salute
559 1928 803 2012 impertiretur,
833 1926 1074 2012 alloquebatur
1095 1947 1205 2012 neque
1228 1927 1270 1992 de

243 2058 280 2104 se
302 2039 376 2123 ipse
398 2039 544 2104 salutem
572 2039 673 2104 danto
701 2039 813 2124 prima
835 2057 983 2123 persona
1004 2039 1174 2118 utebatur,
1209 2038 1269 2104 sed

242 2149 381 2214 tertiam
402 2169 585 2234 personam
608 2169 738 2234 ponens
768 2153 801 2214 et
826 2169 928 2215 suum
950 2149 1061 2234 ipsius
1090 2168 1214 2214 nomen
1237 2152 1271 2213 et

243 2261 384 2326 alterius
407 2261 667 2346 pronuntiabat:
692 2259 731 2325 cf.
757 2260 848 2324 Trin.
872 2263 934 2327 435
951 2279 1017 2345 sq:

330 2373 458 2452 „Erum
481 2375 584 2458 atque
607 2391 742 2438 servom
764 2371 963 2456 plurumum
985 2370 1101 2436 Philto
1123 2371 1220 2436 iubet

329 2483 468 2550 Salvere
489 2484 717 2550 Lesbonicum
742 2486 774 2548 et
797 2481 1020 2562 Stasimum“;

329 2595 421 2661 Trin.
449 2601 544 2661 1151:

682 2705 925 2788 „Charmidem
947 2725 1103 2772 socerum
1126 2724 1227 2771 suum

330 2818 498 2885 Lusiteles
520 2819 677 2884 salutat.“

328 2929 449 2995 Pseud.
474 2935 513 2996 41
535 2949 585 3015 sq.
632 2931 722 2996 Pers.
748 2934 819 2996 501.
865 2929 939 2995 Mil.
963 2934 1034 2996 900.
1080 2928 1153 2994 Ter.
1181 2929 1269 2994 Eun.

243 3043 306 3106 270
322 3059 371 3126 sq.
395 3041 438 3105 01.

328 3151 509 3218 Ρ10060100
535 3156 636 3238 poeta
663 3153 707 3217 ad
735 3151 884 3237 aliquem
911 3151 1084 3215 hominem
1109 3150 1269 3215 omnibus

243 3263 403 3348 precibus
441 3264 608 3329 orandum
650 3263 716 3328 hac
750 3262 900 3329 formula
938 3262 1110 3328 cotidiana
1146 3261 1269 3326 utitur:

243 3393 273 3437 v.
291 3377 368 3440 373:
394 3376 509 3453 „tuam
523 3373 625 3439 fidem
642 3376 804 3441 obsecro“
828 3372 884 3456 (01.
902 3372 976 3438 Μ11.
993 3375 1065 3440 862.
1089 3373 1178 3437 Men.
1197 3374 1269 3437 981.

243 3484 458 3552 Hubrichius
492 3485 514 3550 l.
538 3506 564 3552 s.
589 3505 615 3550 s.
649 3507 682 3570 p.
707 3487 763 3569 35)
797 3488 830 3550 06
861 3505 893 3549 v.
928 3487 1005 3550 376:
1041 3501 1123 3567 „pro
1148 3466 1269 3562 iidem,

245 3596 398 3662 Thebani
421 3597 531 3662 oives“
556 3598 612 3680 (01.
637 3595 735 3664 Ourc.
760 3601 832 3664 694.
855 3596 955 3681 Epid.
981 3597 1072 3678 580);

245 3711 277 3772 et
300 3707 344 3772 ad
367 3708 509 3772 deorum
530 3707 633 3773 fidem
655 3708 884 3773 invocandam
907 3707 985 3771 hac:

331 3840 362 3883 v.
379 3823 442 3884 455
466 3819 522 3897 „di
545 3818 768 3899 immortales,
793 3819 934 3884 obsecro
957 3820 1110 3882 vostram
1132 3814 1254 3880 fidem“

246 3930 302 4013 (01.
327 3931 430 3996 Most.
455 3935 504 3996 77.
530 3933 619 4014 530);

330 4045 415 4106 etv.
440 4045 535 4108 1130:
560 4042 625 4122 „di
650 4043 792 4107 obsecro
815 4042 967 4105 vostram
990 4036 1112 4104 fidem“
