3256 4900
709 407 749 471 29

218 593 336 660 fitetur
359 592 448 673 „sibi
461 611 568 677 puero
590 593 763 658 modicam
785 612 890 658 unam
911 590 1016 657 fuisse
1038 590 1190 656 tunicam
1214 592 1249 656 et

219 707 368 790 togam“,
396 706 510 769 tamen
532 723 600 769 non
628 705 748 770 dubito
775 724 850 769 eum
882 703 944 768 illo
972 703 1083 768 dicere
1109 705 1248 788 poetam

221 818 253 881 et
285 815 412 901 Amph.
436 835 467 879 ν.
485 818 547 882 368
575 818 608 880 et
640 816 762 882 ceteris
795 815 892 896 locis,
926 815 1052 900 quibus
1085 813 1246 899 pluralis:

222 928 396 1008 „tunicae“
427 929 595 1006 occurrat,
630 928 672 992 de
704 927 765 992 illo
799 946 894 992 more
918 927 1004 992 duas
1026 925 1161 992 tunicas
1190 946 1247 1010 ge·

221 1040 337 1104 standi
370 1039 549 1122 cogitasse.
595 1039 695 1104 Adde
728 1038 821 1124 quod
850 1037 929 1103 Aul.
947 1040 1008 1103 509
1037 1037 1249 1102 indusiarius

221 1152 255 1214 et
276 1149 376 1235 Epid.
401 1169 431 1214 v.
449 1153 509 1216 231
533 1149 639 1216 vestis
662 1149 838 1215 indusiata
861 1151 1180 1214 commemorantur.

307 1260 415 1326 Venio
432 1280 523 1326 nunc
545 1262 589 1326 ad
613 1280 671 1326 eos
694 1261 799 1326 huius
822 1258 960 1330 tabulae
981 1259 1087 1339 locos
1121 1260 1248 1345 quibus

222 1374 323 1457 poeta
360 1372 594 1438 Romanorum
631 1370 782 1436 rationes
820 1369 978 1456 publicas
1015 1371 1169 1455 respicit:
1209 1391 1249 1436 ae

222 1485 373 1570 primum
406 1484 544 1571 quidem
568 1485 609 1550 de
642 1484 799 1549 versibus
821 1483 866 1547 ad
901 1502 1019 1548 eorum
1046 1482 1247 1566 religionem

222 1597 456 1681 spectantibus
479 1595 645 1661 nonnulla
667 1595 850 1660 annotabo

309 1706 366 1772 Vs.
383 1709 443 1773 831
458 1725 531 1791 sqq.
555 1705 747 1772 Alcumena
768 1705 875 1770 iurat:

310 1816 393 1896 „Per
430 1817 581 1903 supremi
613 1817 706 1902 regis
742 1837 884 1902 regnum
924 1816 1001 1881 iuro
1036 1818 1068 1880 et
1104 1817 1249 1880 matrem

1055 1925 1206 1992 familias

308 2042 490 2120 Iunonem,
527 2058 633 2124 quam
668 2059 722 2103 me
759 2039 870 2103 vereri
903 2041 936 2102 et
969 2040 1153 2104 metuerest
1185 2058 1250 2124 par

1048 2168 1206 2214 maxume

310 2261 356 2329 Ut
382 2261 431 2326 mi
464 2263 561 2326 extra
593 2280 700 2325 unum
734 2263 766 2324 te
799 2259 957 2325 mortalis
990 2280 1089 2325 nemo
1124 2279 1249 2345 corpus

1064 2390 1207 2456 corpore

311 2483 478 2568 Contigit,
503 2503 571 2569 quo
594 2503 648 2547 me
670 2481 880 2567 impudicam
903 2481 1071 2564 laceret&

310 2594 479 2680 Implorat
512 2594 622 2680 igitur
653 2597 788 2680 praeter
820 2595 951 2675 Iovem,
988 2614 1050 2680 per
1082 2615 1184 2681 quem
1218 2598 1251 2660 et

225 2705 350 2774 Graeci
376 2708 410 2770 et
431 2705 579 2770 Romani
606 2724 723 2770 omnes
750 2705 922 2786 iurabant,
954 2705 1129 2786 Iunonem,
1163 2725 1252 2792 quae

226 2818 353 2884 dicitur
375 2821 485 2882 mater
506 2815 666 2895 familias,
689 2819 808 2902 utpote
836 2836 925 2902 quae
946 2819 1184 2882 matronarum
1211 2837 1252 2884 ao
1333 2852 1336 2859 ·

224 2928 376 2995 familiae
398 2928 504 2993 totius
519 2929 665 3013 patrona
681 2928 740 2993 sit:
764 2930 797 2992 et
818 2927 1002 3014 praecipue
1017 2928 1103 2993 Iuno
1125 2948 1250 3013 cogno-

226 3041 317 3106 mine
338 3039 489 3106 Lucinae
512 3041 634 3104 ornata
656 3057 677 3102 a
699 3039 901 3104 mulieribus
922 3039 1168 3124 praegnatibus
1183 3041 1251 3106 Ro-

226 3152 337 3217 manis
353 3153 513 3216 invocata
528 3153 588 3215 est.
626 3147 693 3232 (of.
707 3149 779 3214 Ter.
793 3151 900 3215 Andr.
915 3154 986 3216 473.
1004 3151 1250 3236 Α1111111487.);

313 3264 419 3344 „Iuno
442 3261 582 3340 Lucina,
604 3260 656 3326 fer
679 3280 787 3346 opem,
811 3280 910 3326 serva
932 3281 995 3341 me,
1023 3263 1200 3341 obsecro“;

312 3375 423 3439 Plaut.
447 3372 526 3439 Aul.
551 3375 609 3439 691
629 3391 694 3458 sq.:

697 3485 859 3564 „obsecro
881 3486 924 3565 te,
948 3488 1082 3550 uterum
1107 3484 1208 3550 dolet.

313 3594 400 3660 Iuno
423 3595 563 3675 Lucina,
586 3597 683 3660 tuam
704 3593 843 3675 fidem“;
885 3646 889 3653 .

315 3705 412 3772 Truc.
430 3711 507 3772 476:

316 3817 425 3897 „Date
447 3818 496 3883 mi
517 3818 586 3883 huo
607 3819 755 3883 stactam
777 3822 879 3903 atque
894 3818 1011 3902 ignem
1032 3818 1068 3883 in
1084 3836 1191 3899 aram,
1214 3820 1253 3883 ut

694 3949 851 3994 venerem
874 3928 1040 3994 Lucinam
1062 3932 1209 4008 meam“;

315 4043 358 4108 A.
381 4041 626 4126 Kesebergius:
663 4041 899 4126 „quaestiones
922 4040 1101 4105 Plautinae
1134 4043 1167 4104 et
1194 4039 1253 4104 Te·
