3256 4900
786 390 938 483 A

394 573 556 656 Legimus
571 594 601 637 v.
616 577 674 638 461
690 593 740 659 sq.
765 574 821 657 (cf.
836 573 1068 640 Schroederus
1084 573 1105 639 l.
1123 593 1150 640 s.
1166 593 1192 640 s.
1208 593 1287 659 pag.
1304 575 1373 657 12):

438 669 536 764 ,Nisi
556 685 658 748 etiarn
685 685 715 750 is
743 705 879 771 quoque
906 707 960 751 me
987 686 1173 770 ignorabit,
1202 687 1293 771 quod
1315 684 1374 750 ille

1054 796 1141 862 faxit
1161 796 1331 882 luppiter,

437 908 483 972 Ut
499 926 562 992 ego
578 907 681 973 hodie
695 928 775 974 raso
793 908 904 994 capite
919 907 1036 974 calvos
1053 909 1188 994 capiam
1202 909 1373 993 pilleum.“

438 1017 538 1084 Sosia
560 1022 676 1104 sperat
697 1018 779 1098 fore,
809 1023 857 1099 ut,
886 1019 968 1105 quia
991 1020 1183 1085 Mercurius
1211 1020 1280 1085 sibi
1301 1022 1375 1085 tota

351 1129 682 1197 formasimillimus
698 1131 824 1196 dixerit
845 1132 960 1217 ipsum
976 1130 1111 1198 Sosiam
1135 1152 1217 1213 esse,
1240 1149 1374 1196 necrus

352 1241 491 1324 quidem
514 1261 549 1308 se
571 1243 719 1308 noverit:
754 1245 846 1328 quod
880 1243 911 1309 si
937 1242 1066 1310 factum
1088 1243 1143 1323 sit,
1178 1263 1214 1310 se
1237 1244 1375 1308 omnino

352 1353 422 1417 iam
452 1372 521 1417 non
552 1373 624 1420 esse
654 1373 801 1434 servum,
835 1356 896 1420 sed
929 1354 1154 1420 confidentem
1188 1354 1257 1420 sibi
1289 1354 1376 1419 nihil

353 1463 437 1528 mali
471 1467 670 1529 eventurum
704 1484 790 1544 esse,
824 1485 903 1530 raso
938 1466 1049 1549 capite
1082 1464 1224 1548 pilleum
1257 1485 1377 1548 capere

353 1591 462 1658 posse.
509 1574 586 1654 Quo
611 1575 652 1638 de
674 1594 769 1639 more
797 1594 975 1640 servorum
997 1575 1231 1639 Romanorum
1258 1596 1376 1641 manu-

353 1685 539 1750 missorum
576 1685 689 1770 capita
726 1687 827 1750 antea
867 1705 948 1750 rasa
984 1685 1088 1770 pilleo
1126 1688 1263 1771 tegendi
1300 1687 1377 1753 vide

353 1793 511 1862 Servium
527 1796 584 1877 (ad
599 1798 683 1862 Aen.
701 1800 730 1876 8,
748 1797 837 1880 564):
863 1797 1030 1877 „Feronia
1049 1798 1152 1862 etiam
1174 1797 1376 1864 libertorum

355 1907 418 1972 dea
441 1911 501 1987 est,
536 1908 572 1972 in
596 1907 693 1973 cuius
716 1909 844 1994 templo
867 1928 947 1975 raso
971 1909 1082 1994 capite
1104 1909 1245 1993 pilleum
1268 1911 1378 1995 capie-

353 2021 473 2100 bant“;
497 2023 749 2108 eorundemque
772 2023 813 2087 de
837 2022 1082 2088 consuetudine
1098 2023 1212 2107 capita
1233 2022 1377 2087 radendi

353 2131 504 2197 Nonium
521 2135 568 2218 (p.
586 2135 678 2217 528);
704 2134 795 2214 ,Qui
816 2133 916 2199 liberi
939 2131 1075 2213 fiebant,
1099 2153 1139 2198 ea
1161 2153 1266 2199 causa
1289 2133 1378 2198 calvi

354 2247 460 2324 erant,
489 2246 581 2329 quod
608 2248 845 2330 tempestatem
872 2245 1047 2310 servitutis
1069 2244 1275 2310 videbantur
1297 2244 1377 2309 effu-

355 2375 434 2440 gere
456 2359 495 2420 ut
517 2355 698 2441 naufragio
713 2357 851 2423 liberati
874 2356 1003 2421 11111111ιζ
1028 2354 1084 2438 (cf.
1102 2355 1379 2440 Marquardtius:

357 2467 437 2546 „das
454 2467 670 2533 Privatleben
694 2469 754 2532 der
769 2468 913 2532 Romer“
939 2487 970 2550 p.
989 2471 1050 2532 572
1074 2467 1212 2547 111112).
1251 2464 1378 2529 Pilleus

354 2577 481 2642 iterum
502 2581 713 2643 memoratur
745 2579 781 2643 in
813 2577 1006 2663 fragmento
1040 2575 1191 2661 quodam
1219 2595 1239 2639 a
1265 2575 1378 2640 Nonio

355 2689 498 2773 (p220,
526 2690 579 2770 12)
625 2686 779 2772 Captivis
821 2688 1000 2753 Plautinae
1043 2686 1158 2752 nescio
1203 2705 1247 2750 an
1290 2685 1377 2751 falso

353 2800 518 2885 ascripto:
1112 2835 1116 2842 ·

442 2910 603 2995 „pilleum
646 2931 748 2995 quem
791 2909 914 2974 habuit
956 2908 1101 2993 diripuit
1145 2929 1290 2993 eumque
1334 2908 1377 2972 ad

1059 3019 1190 3085 caelum
1212 3018 1333 3084 tollit.“

398 3134 559 3200 Fortasse
582 3134 625 3199 ad
648 3134 740 3198 hunc
762 3152 893 3199 morem
914 3130 1081 3197 referendi
1104 3133 1184 3196 sunt

442 3249 474 3311 et
497 3245 608 3312 Stichi
630 3267 661 3310 v.
686 3250 762 3311 751:

443 3358 605 3442 „vapulat
626 3359 812 3442 peculium:
841 3360 1004 3422 actumst:
1038 3355 1128 3440 fugit
1151 3356 1217 3419 hoc
1238 3354 1379 3419 libertas

1203 3468 1336 3549 caput“,

356 3579 417 3644 ubi
450 3580 589 3663 quidem
621 3578 775 3664 plerique
798 3580 920 3662 putant
950 3579 1053 3662 caput
1079 3580 1118 3642 ut
1144 3576 1214 3642 fere
1236 3595 1379 3661 semper,

356 3691 405 3755 ita
420 3691 477 3756 hic
491 3711 627 3777 quoque
641 3691 792 3776 positum
809 3709 882 3754 esse
897 3708 960 3774 pro
975 3708 1122 3774 persona
1137 3687 1324 3772 loquentis3
1348 3689 1382 3750 et

399 3803 503 3868 Mero.
527 3824 557 3867 v.
585 3807 644 3868 152
661 3821 715 3887 sq:
1198 3799 1380 3879 „Liberum

584 3913 696 3998 Caput
718 3912 783 3979 tibi
805 3910 929 3976 faciam
954 3911 1003 3976 cis
1026 3928 1155 3995 paucos
1178 3909 1334 3975 mensis.“

442 4025 610 4110 Deinceps
633 4028 673 4089 ut
686 4023 756 4088 fere
770 4024 807 4088 in
823 4023 982 4088 omnibus
1000 4020 1186 4087 comoediis
1202 4018 1381 4100 Plautinis,
