3256 4900
872 395 911 456 78

380 577 526 642 urbibus
543 581 649 658 erant,
672 578 844 663 imprimis
859 579 895 643 in
910 577 1106 643 maritimis:
1128 577 1405 663 insignissimum

381 689 494 752 autem
530 687 609 752 fuit:
645 689 707 768 „cd
740 686 882 751 Ἀττικὸν
915 687 1100 770 ε’μπόριονῑί,
1135 689 1190 753 oui
1224 693 1406 775 praeerant

383 797 434 882 „oi
457 799 644 885 ἐπιμεληταὶ
667 802 722 864 τοῦ
750 799 902 885 ἐμπορίου
930 799 1024 876 δέκα,
1048 799 1093 874 οἷς
1115 799 1151 863 δὲ·
1173 803 1404 886 προστέτακται

382 912 447 973 τῶν
469 911 496 973 τ’
519 911 681 993 ἐμπορίων
703 911 931 993 ἐπιμελεῖσθαι
956 913 1011 975 καὶ
1039 914 1094 976 τοῦ
1117 916 1204 976 σίτου
1226 913 1282 976 τοῦ
1304 936 1403 974 κατα-

381 1021 534 1094 πλέοντος
555 1023 600 1095 είς
623 1023 658 1087 τὸ
683 1022 815 1103 α’στικὸν
838 1023 993 1109 ἐμπόριον
1015 1025 1054 1086 τά
1079 1022 1136 1087 δύο
1158 1026 1236 1108 μέρη
1258 1023 1330 1097 τούς
1345 1023 1403 1105 ε’μ-

380 1132 498 1214 πόρους
534 1132 727 1213 αναγκιίζειν
763 1135 808 1207 εἰς
844 1135 881 1197 τὸ
916 1133 996 1197 ἄστυ
1033 1134 1172 1216 κομίζειν
1204 1133 1260 1218 (of.
1295 1135 1401 1202 Arist.

380 1245 505 1308 Athen.
529 1246 596 1329 pol.
621 1265 672 1330 cp.
687 1246 775 1328 51).“

465 1356 645 1422 Praeterea
672 1361 705 1422 et
726 1357 935 1442 Amphitruo
965 1361 997 1422 et
1023 1358 1189 1442 Epidicus
1215 1357 1405 1442 loquuntur

381 1468 422 1532 de
444 1468 625 1534 tonstrinis
648 1469 904 1553 madidumque,
927 1487 1013 1553 quas
1037 1467 1121 1532 alter
1138 1468 1233 1546 adiit,
1257 1467 1344 1532 alter
1366 1487 1402 1534 se

381 1579 508 1644 adiisse
531 1579 679 1644 simulat.
725 1580 804 1644 Huc
837 1583 951 1644 autem
983 1579 1144 1664 permulti
1167 1578 1291 1646 Graeci
1325 1599 1403 1645 eon-

379 1690 562 1756 veniebant
584 1691 685 1755 modo
710 1690 849 1775 cognita
870 1691 998 1774 partim
1020 1691 1185 1756 narrandi
1207 1691 1335 1776 partim
1357 1692 1401 1756 ab

381 1800 459 1866 aliis
483 1801 673 1885 accipiendi
696 1820 813 1867 causa:
849 1802 890 1866 de
917 1803 982 1867 hac
1005 1803 1249 1868 consuetudine
1270 1803 1307 1868 in
1329 1824 1400 1865 κου-

379 1915 473 1997 ρείοις
496 1914 540 1978 ob
563 1914 652 1978 hanc
674 1934 747 1979 rem
767 1913 930 1979 versandi
963 1933 1026 1979 nos
1061 1914 1221 1979 certiores
1249 1913 1402 1980 fecerunt

384 2025 627 2090 Demosthenes
643 2025 695 2106 (in
711 2024 864 2108 Aristog.
878 2023 903 2103 Ι,
922 2024 992 2107 52);
1009 2024 1266 2110 Theophrastus
1282 2023 1400 2108 (Char.

385 2137 449 2217 lt);
476 2136 582 2220 Lysia
604 2136 658 2214 (do
680 2136 783 2200 inval.
805 2136 910 2219 §20);
933 2135 1079 2219 Eupolis
1101 2135 1160 2218 (II,
1185 2140 1247 2203 499
1268 2137 1400 2218 Mein.):

465 2245 582 2326 ,πόλλ’
604 2244 732 2327 ἔμαθον
755 2245 790 2308 ἒν
812 2257 877 2318 τοῖς
900 2249 1084 2329 κουρείοιςᾞ
1109 2247 1151 2312 al.

464 2359 628 2443 Idemque
650 2379 724 2423 mos
752 2379 830 2423 vere
854 2357 1006 2424 Graecus
1040 2359 1191 2424 occurrit
1217 2360 1399 2426 Asinariae

380 2473 519 2536 vss.343
526 2489 611 2554 sqq,
627 2469 688 2535 ubi
699 2469 853 2534 Leonida
865 2489 984 2534 servus
997 2489 1074 2534 cum
1086 2469 1218 2535 Libano
1236 2489 1400 2536 conservo

379 2580 618 2659 communicat,
641 2579 725 2663 quid
747 2579 783 2643 in
805 2579 977 2645 tonstrina
1000 2579 1041 2644 de
1063 2581 1208 2664 pecunia
1224 2582 1268 2647 ob
1284 2581 1400 2647 asinos

379 2690 527 2756 Samene
549 2689 691 2754 atriensi
714 2688 885 2754 afferenda
912 2689 1090 2755 audiverit.
1134 2691 1238 2756 Paria
1264 2693 1305 2758 de
1332 2713 1399 2757 me

379 2801 502 2866 dioinis
525 2799 691 2866 Aelianus
713 2800 820 2865 tradit
843 2801 935 2884 (Van.
960 2801 1049 2866 Hist.
1074 2807 1103 2880 3,
1128 2807 1179 2884 7):

467 2911 692 2993 ,,θεασοίμενός
713 2933 802 2984 τινας
824 2911 1058 2994 καθεζομένους
1085 2911 1121 2974 ἓν
1148 2913 1273 2999 ἰατρείῳ
1299 2925 1398 2999 ψογε-

379 3024 452 3106 ρούς
474 3022 528 3084 καὶ
551 3022 655 3095 κακῶς
677 3020 840 3107 ἀγορεύειν
862 3021 897 3084 ἐκ
920 3023 1043 3096 παντὸς
1064 3021 1184 3107 τρόπου
1199 3021 1398 3110 διψῶντας.“

380 3134 429 3202 of.
454 3135 555 3200 etiam
580 3135 658 3218 Lys.
682 3134 783 3200 ise.

463 3245 630 3312 Similiter
645 3247 688 3310 ad
705 3244 878 3330 exemplar
894 3244 1064 3311 Graecum
1079 3247 1309 3311 revocandam
1325 3266 1399 3313 esse
1426 3249 1439 3254 “

378 3378 442 3444 pro
466 3361 558 3424 certo
581 3356 716 3423 affirmo
739 3357 943 3423 sententiam
966 3377 997 3422 v.
1015 3361 1076 3423 703
1093 3376 1142 3442 sq.
1167 3356 1328 3423 effictam:

464 3470 561 3550 „Non
584 3468 732 3534 tuscis?
767 3468 923 3533 Bacchae
957 3468 1139 3535 bacchanti
1170 3469 1200 3534 si
1227 3469 1313 3535 velis
1341 3471 1399 3535 ad-

1173 3580 1355 3661 versarier,

462 3692 516 3756 Ex
537 3691 660 3756 insana
681 3691 891 3756 insaniorem
913 3687 1028 3770 facies,
1051 3689 1151 3754 feriet
1172 3691 1342 3776 saepius.“

461 3801 601 3867 Brixius
624 3802 762 3886 quidem
779 3803 819 3867 de
835 3801 1109 3866 Bacchanalibus
1125 3801 1290 3866 Romanis
1306 3802 1399 3887 cogi-

378 3913 446 3977 tari
460 3912 536 3978 vult
559 3914 617 3996 (ad
639 3913 713 3979 Mil.
737 3935 766 3978 v.
787 3913 891 3995 1016).
938 3910 1004 3979 Sed
1026 3915 1065 3976 ut
1086 3912 1243 3997 equidem
1266 3913 1399 3997 opinor,

376 4023 477 4090 Sosia
499 4025 543 4089 ad
558 4024 717 4108 Dionysii
739 4025 903 4110 mysteria
925 4023 1080 4089 alludens
1095 4024 1180 4088 haec
1195 4024 1239 4088 ad
1253 4023 1399 4108 Amphi-
