3256 4900
816 409 969 502 je*

381 591 523 678 pissime
538 591 688 678 positum
712 591 768 676 (ef.
786 593 1029 659 Buechelerus:
1054 594 1174 680 Popul.
1191 595 1289 680 Iguv.
1305 596 1405 662 lustr.

379 725 411 789 p.
437 704 499 784 11),

467 814 606 881 Servius
641 817 753 879 autem
787 816 831 881 ad
854 816 955 901 Verg.
980 818 1064 881 Aen.
1090 822 1119 894 6,
1148 822 1210 883 229
1245 823 1401 884 annotat:

381 925 634 1007 „Circumtulic
651 927 822 1012 purgavit.
851 928 1196 1012 Antiquumverbum
1213 932 1273 995 est.
1301 930 1400 995 Plau-

379 1043 449 1103 tus:
483 1057 557 1122 ‚pro
590 1037 724 1101 larvato
758 1040 791 1102 te
825 1037 1072 1103 circumferam'
1106 1039 1127 1102 i.
1149 1060 1175 1104 e.
1205 1042 1360 1126 purgabo
1370 1045 1394 1104 “.

381 1149 483 1216 Circa
505 1168 582 1212 eum
604 1147 779 1213 hominem
802 1151 862 1213 aut
884 1168 958 1214 eam
974 1169 1056 1223 rem,
1080 1169 1167 1234 quae
1186 1154 1399 1236 purgaretur,

379 1260 526 1326 Romani
547 1260 679 1325 hostias
703 1264 762 1325 aut
782 1260 868 1326 alias
890 1281 945 1327 res
969 1262 1013 1326 ad
1027 1261 1245 1328 lustrandum
1260 1264 1400 1330 idoneas

379 1372 534 1437 ferebant
555 1370 607 1452 (ef.
631 1371 802 1436 Prellerus
826 1373 934 1456 Myth.
951 1373 1066 1438 Rom²
1085 1393 1117 1458 p.
1135 1377 1197 1440 370
1213 1375 1313 1459 sqq.).
1351 1377 1401 1441 De

380 1482 610 1566 coniungendi
632 1481 741 1547 vocis:
774 1482 1030 1554 „circumferre“
1055 1483 1187 1548 ratione
1216 1505 1294 1549 cum
1323 1486 1400 1551 aliis

379 1595 557 1662 vocabulis
580 1593 765 1678 Ussingius
788 1593 835 1678 (p.
853 1595 931 1678 310)
953 1595 1039 1660 haec
1062 1595 1158 1660 dicit:
1196 1617 1262 1676 „ex
1289 1597 1403 1662 activa

379 1708 503 1773 forma:
540 1705 761 1785 „circumfero
791 1725 913 1790 agrum
940 1706 1083 1772 hostiis“
1118 1707 1258 1792 passiva
1290 1707 1402 1773 forma

378 1818 470 1884 facta
497 1822 548 1882 est
575 1815 713 1899 duplex:
751 1815 905 1895 „hostiae
939 1816 1225 1882 circumferuntur
1258 1823 1399 1904 agrum“

379 1934 411 1994 et
436 1949 538 2013 „ager
552 1927 675 1992 hostiis
699 1926 968 1992 circumfertur“.
1006 1928 1061 1992 Ita
1076 1928 1133 1994 hic
1148 1949 1283 2015 quoque
1304 1931 1400 1996 locus

377 2039 654 2124 interpretandus
677 2041 742 2104 est:
769 2038 882 2119 „Quin
904 2039 1002 2105 iubes
1026 2039 1155 2105 circum
1178 2040 1299 2121 istanc,
1323 2063 1400 2107 cum

378 2152 503 2218 cerrita
535 2151 590 2230 sit,
623 2150 756 2215 hostias
790 2151 844 2215 vel
867 2151 954 2216 alias
977 2170 1031 2217 res
1054 2150 1150 2230 ferri,
1185 2153 1311 2237 quibus
1341 2155 1401 2219 ho-

377 2263 485 2327 mines
508 2264 620 2325 mente
644 2260 736 2345 capti
758 2261 890 2345 expiari
914 2260 1066 2326 solent?“

463 2372 510 2438 Ut
537 2372 645 2456 igitur
677 2371 764 2436 ritus
793 2371 951 2436 nonnulli
977 2370 1133 2456 religiosi
1154 2373 1398 2454 Romanorum,

377 2485 426 2549 ita
448 2483 603 2547 homines
627 2501 763 2567 quoque
778 2482 919 2566 quidam
934 2482 1173 2566 respiciuntur,
1198 2485 1258 2566 qui
1272 2485 1397 2567 partim

378 2614 497 2658 eorum
530 2611 629 2658 saera
659 2592 902 2676 procurabant,
937 2593 1065 2676 partim
1099 2593 1316 2658 vaticinando
1344 2593 1398 2657 vel

377 2706 549 2772 similibus
582 2705 685 2769 rebus
718 2703 883 2768 Romanis
917 2705 1167 2788 superstitiosis
1204 2705 1397 2789 proderant.

376 2818 463 2882 Dico
486 2815 710 2898 haruspicum
732 2815 957 2880 Etruseorum
981 2814 1162 2901 collegium
1188 2819 1220 2880 et
1246 2817 1399 2883 hariolos

378 2927 538 2993 fatidicos
577 2925 842 3011 sortilegosque,
880 2946 967 3011 quos
1003 2932 1105 3012 poeta
1141 2947 1211 2992 una
1247 2930 1402 2994 nominat

377 3042 524 3117 v.1132‚
558 3037 619 3103 ubi
647 3037 803 3122 Iuppiter
825 3037 1073 3123 Amphitruoni
1099 3039 1173 3122 ipse
1200 3059 1317 3105 omnes
1345 3060 1398 3106 res

379 3171 466 3236 quae
481 3150 511 3215 ei
527 3150 640 3215 adhuc
655 3150 822 3215 obscurae
837 3149 930 3214 visae
947 3153 1052 3230 erant,
1068 3148 1301 3235 patefacturus
1318 3152 1402 3217 haec

378 3263 593 3328 commendat
615 3282 646 3326 v.
666 3265 746 3328 1132
763 3281 828 3346 sq.:

734 3371 916 3451 „hariolos
940 3372 1139 3456 haruspices

460 3483 561 3548 Mitte
583 3487 730 3547 omnes.“

460 3595 512 3658 De
546 3594 671 3679 quibus
706 3592 745 3658 cf.
780 3593 1040 3679 Marquardtius
1081 3594 1301 3674 „Handbuch
1339 3595 1399 3658 der

376 3706 537 3772 romisch.
555 3705 757 3770 Altertiim.“
775 3704 832 3770 IV.
852 3710 922 3770 111.
940 3710 1016 3786 6913
1034 3706 1123 3771 etde
1139 3705 1282 3770 hariolis
1298 3705 1398 3769 Plau-

376 3817 458 3882 tinis
493 3837 533 3881 ao
555 3816 597 3880 de
619 3835 715 3880 voce:
752 3815 966 3895 „hariolari“
992 3816 1083 3900 apud
1110 3817 1202 3881 hunc
1230 3817 1398 3882 comicum

374 3929 458 3993 trita
491 3926 530 3993 cf.
560 3924 765 3993 Schusterus
793 3927 814 3991 l.
832 3947 858 3992 s.
875 3946 900 3992 s.
918 3946 949 4012 p.
967 3931 1017 3991 42.
1062 3927 1274 4012 Haruspices
1308 3947 1398 3992 com·

375 4042 609 4104 memorantur
631 4038 731 4104 Poon.
764 4042 835 4104 464.
865 4043 935 4104 746.
966 4042 1037 4105 791.
1065 4037 1396 4106 1206.1209.0ure.
