3256 4900
732 409 772 471 835

678 495 831 502 ————

330 617 457 681 „nuper
479 594 559 660 fecit
580 615 679 660 servo
704 593 854 659 currenti
876 593 911 657 in
934 591 991 656 via

328 709 473 772 Decesse
495 706 675 790 populum:
703 725 791 790 quor
812 705 935 769 insano
958 700 1125 768 serviat?“
1186 705 1188 712 ’

326 819 446 902 Itaque
462 818 552 883 servi
564 817 712 882 Romani
726 816 810 881 talia
825 813 942 899 qualia
957 814 1014 878 hic
1028 810 1265 890 Pseudososia,

244 927 419 1014 postulare
441 947 511 992 non
534 931 700 1013 poterant.

328 1043 376 1104 At
391 1039 537 1104 Athenis
559 1039 620 1105 ubi
642 1038 781 1103 omnino
803 1036 932 1101 maiore
954 1034 1094 1100 licentia
1108 1032 1267 1100 frueban-

241 1154 308 1228 tur,
331 1149 422 1213 servi
445 1150 578 1215 civibus
602 1149 638 1214 in
660 1149 782 1234 plateis
805 1148 846 1212 de
870 1147 924 1212 via
948 1166 1016 1211 non
1039 1146 1266 1222 decesserunt,

243 1260 301 1324 sed
325 1279 382 1325 eos
407 1260 447 1324 de
469 1260 592 1325 semita
615 1259 795 1344 depulsare
823 1259 898 1322 ausi
925 1260 1019 1336 sunt3
1054 1255 1094 1321 cf.
1118 1254 1267 1321 Pseudo-

243 1373 388 1457 xenoph.
429 1372 470 1436 de
506 1391 575 1456 rep.
614 1371 694 1435 Aah.
732 1370 759 1446 I,
798 1375 849 1436 10:
897 1372 969 1449 „xci
1011 1365 1082 1431 οὔτε
1122 1364 1267 1438 πατάξαι

241 1480 362 1554 ἔξεστιν
385 1480 506 1545 alnido
529 1479 599 1544 οὔτε
621 1481 898 1566 insumpserat
920 1497 977 1542 σοι
1001 1478 1018 1544 ὁ
1042 1476 1207 1551 δοῦλος.“

329 1594 424 1658 Haec
450 1592 515 1658 fere
537 1597 618 1658 sunt
639 1613 727 1678 quae
750 1615 789 1659 ex
809 1593 1061 1677 Amphitruone
1082 1589 1202 1655 fabula
1224 1589 1265 1652 de

243 1703 469 1770 transferendi
496 1705 629 1768 ratione
650 1705 810 1769 Plautina
833 1703 994 1788 colligere
1016 1701 1123 1787 potui.
1170 1699 1266 1780 Quae

242 1816 394 1900 exposui,
420 1819 457 1880 ut
478 1816 628 1881 breviter
644 1816 939 1900 comprehendam,
963 1813 1081 1878 videor
1104 1811 1266 1896 incapite

242 1926 354 2009 primo
377 1926 463 1988 mihi
486 1926 570 1990 satis
586 1927 784 2005 ostendisse,
808 1945 912 2010 quam
933 1925 1062 2009 ingenii
1078 1923 1263 1990 sollertiam

244 2038 344 2118 poeta
380 2035 416 2099 in
449 2037 612 2101 vertendo
650 2035 875 2101 declaraverit
910 2036 1038 2121 partim
1075 2035 1265 2099 orationem

243 2145 384 2211 liberius
408 2148 510 2230 atque
532 2146 716 2212 artificioso
740 2145 966 2226 conformans,
995 2146 1122 2232 partim
1145 2145 1187 2209 ad
1211 2163 1265 2209 res

240 2276 319 2322 vere
334 2257 506 2323 Romanas
522 2259 571 2323 ita
586 2259 750 2338 alludens,
774 2263 813 2323 ut
835 2263 894 2323 ant
910 2258 1080 2322 interdum
1097 2257 1265 2339 originem

243 2366 410 2432 Graecam
432 2389 538 2453 paene
572 2371 710 2435 omuino
739 2363 975 2436 obscuraverit
1008 2373 1068 2434 aut
1090 2366 1265 2434 sententiis

243 2499 283 2542 ex
305 2478 423 2544 fabula
439 2482 556 2546 Attica
578 2483 694 2566 petitis
709 2502 821 2567 panca
842 2482 1081 2546 tantummodo
1098 2479 1265 2545 vocabula

241 2590 283 2653 ad
307 2589 542 2655 Romanorum
570 2592 708 2676 ingenia
731 2595 765 2656 et
785 2592 980 2657 voluntates
1006 2591 1265 2656 accommodata

240 2701 401 2784 posuerit.
446 2702 487 2766 In
521 2702 628 2768 altero
663 2687 774 2788 capite
806 2704 980 2788 quomodo
1008 2703 1106 2787 origo
1134 2700 1266 2767 Graeca

242 2811 358 2895 aliqua
390 2813 565 2896 probabili
597 2814 731 2879 ratione
764 2816 837 2880 erui
871 2815 994 2899 possit,
1034 2815 1267 2879 demonstrare

240 2922 357 2986 studui
391 2923 534 2989 afferens
568 2928 602 2989 et
633 2925 823 2992 locutiones
857 2945 1025 3011 vocesque
1056 2924 1264 2991 Graecorum

240 3031 426 3113 phrasibus
464 3033 632 3118 dictisque
669 3037 876 3119 quibusdam
914 3035 1043 3102 similes
1082 3039 1115 3100 et
1150 3055 1263 3101 mores

240 3139 466 3225 institutaque
481 3163 568 3229 quae
583 3163 645 3228 per
664 3165 701 3210 se
716 3147 792 3231 ipsa
807 3147 851 3212 ad
866 3167 920 3213 res
936 3167 1014 3212 cum
1029 3147 1263 3212 Romanorum

240 3253 313 3314 tum
330 3249 538 3318 Graecorum
563 3260 717 3340 spectare
738 3262 892 3342 possunt.
931 3259 972 3323 ln
994 3258 1096 3323 tertio
1120 3259 1265 3344 denique

240 3361 351 3446 capite
374 3383 431 3429 eos
453 3384 582 3449 paucos
605 3367 700 3433 locos
721 3369 831 3447 attuli,
855 3389 1001 3455 quorum
1019 3369 1117 3454 origo
1133 3368 1265 3436 Graeca

241 3473 326 3538 mihi
349 3475 485 3541 videtur
508 3478 709 3544 certissima.

651 3654 854 3662 *—

584 3796 921 3880 APPENDlll.

324 3923 494 4008 Equidem
518 3946 584 3992 vss.
610 3932 777 3996 629-631
802 3931 838 3995 in
865 3935 960 3996 textu
983 3933 1133 3998 retinens
1161 3934 1263 3998 huius

237 4031 306 4097 loci
323 4033 551 4116 difficultates,
575 4039 605 4102 si
628 4041 766 4123 quidem
787 4062 823 4106 re
847 4063 927 4108 vera
947 4044 989 4108 de
1004 4042 1263 4110 difficultatibus

1025 4163 1058 4215 6*
