3256 4900
800 396 954 489 A

367 581 408 645 de
441 600 510 666 qna
544 580 652 647 Gaius
690 579 784 665 (Dig.
819 583 869 660 24,
905 585 955 660 22,
993 584 1023 660 1)
1061 581 1145 647 h'aec
1179 581 1290 646 docet:
1331 580 1390 660 „In

365 693 518 776 repudiis
553 695 676 771 autem,
714 692 750 757 id
784 696 836 758 est
867 691 1130 770 renuntiatione,
1169 693 1391 776 comprobata

366 806 447 867 sunt
482 803 566 868 haec
603 803 723 868 verba:
770 801 880 882 „Tuas
923 821 977 867 res
1019 802 1084 868 tibi
1123 803 1279 868 habeto.“
1340 799 1389 868 Of.

367 911 516 979 Gronov.
534 914 555 978 l.
573 933 599 979 s.
616 933 642 979 s.
659 933 691 999 p.
708 916 745 978 21
765 932 831 999 sq.:
854 914 1130 999 Marquardtius:
1152 915 1244 993 „Das
1259 914 1391 979 Privat-

365 1025 465 1092 leben
488 1027 547 1091 der
569 1026 716 1091 Romer“
750 1026 776 1091 Ι.
800 1046 832 1111 p.
855 1030 895 1094 70
922 1025 999 1090 adn.
1021 1028 1049 1091 5.
1095 1026 1198 1111 Apud
1231 1025 1391 1090 Plautum

231 1173 236 1184 ·
365 1137 506 1201 eandem
539 1136 665 1201 iterum
698 1135 845 1221 legimus
879 1136 971 1202 Trin.
996 1140 1072 1202 266:
1107 1139 1203 1216 „tuas
1237 1137 1302 1202 tibi
1335 1155 1390 1202 res

366 1248 523 1314 habeto“.

450 1357 685 1444 Relinquitur,
713 1361 752 1423 ut
780 1359 821 1423 de
849 1359 893 1424 iis
920 1359 1006 1424 locis
1033 1358 1170 1444 loquar„
1203 1358 1264 1424 ubi
1289 1361 1391 1444 poeta

365 1471 424 1533 aut
456 1469 646 1536 locutiones
680 1470 780 1554 quasi
810 1470 985 1554 proverbii
1012 1470 1129 1534 Latini
1161 1469 1273 1534 locum
1303 1469 1390 1534 obli-

365 1582 482 1644 nentes
513 1580 653 1664 scripsit
683 1583 743 1645 aut
768 1599 959 1646 sermonem
987 1579 1195 1645 familiarem
1221 1580 1389 1646 imitando

365 1688 504 1754 effinxit.

449 1802 512 1866 Ac.
535 1820 566 1865 v.
591 1804 653 1867 386
680 1802 766 1867 haec
791 1801 919 1866 locutio
947 1801 1106 1882 occurrit,
1140 1822 1227 1887 quae
1253 1802 1288 1866 in
1311 1821 1390 1887 pro-

365 1911 475 1977 verbii
490 1912 770 1977 consuetudinem
787 1912 923 1977 videtur
938 1912 1084 1978 venisse:
1104 1911 1213 1999 „fugit
1224 1917 1257 1978 te
1268 1913 1389 1978 ratio“.

366 2021 416 2089 Os.
441 2019 565 2087 Catull.
596 2026 644 2104 10,
668 2027 724 2103 293
759 2022 917 2090 Cornific.
943 2024 985 2088 ad
1008 2024 1156 2088 Herenn.
1185 2025 1229 2100 ΙΙ,
1262 2031 1310 2105 16,
1333 2028 1389 2104 24;

363 2131 408 2211 ΙΙ,
432 2136 483 2213 25,
511 2137 568 2214 40;
607 2132 803 2200 Gronovius
836 2133 859 2198 l.
887 2153 914 2200 s.
941 2153 967 2200 s.
1001 2154 1033 2220 p.
1064 2139 1113 2202 13.
1164 2135 1252 2200 Vide
1285 2137 1389 2202 ctiam

364 2239 487 2310 Catull.
514 2247 561 2325 12,
585 2248 619 2310 4:

451 2355 537 2434 „hoc
560 2355 689 2422 salsum
713 2377 786 2423 esse
807 2357 931 2442 putas?
954 2355 1044 2443 fugit
1065 2361 1108 2438 te„
1131 2358 1274 2444 inepte.“
1308 2438 1310 2442 Ι

449 2466 571 2532 Altera
592 2467 730 2552 phrasis
753 2469 928 2553 proverbii
960 2469 1037 2534 loeo
1070 2473 1237 2554 usurpata
1262 2469 1389 2554 legitur

364 2598 394 2642 v.
419 2581 495 2644 814:

450 2689 588 2768 „haeret
613 2690 698 2755 haec
724 2708 795 2770 res„
830 2691 861 2756 si
894 2691 1032 2775 quidem
1059 2691 1144 2756 haec
1170 2690 1241 2756 iam
1266 2693 1389 2758 mulier

1026 2801 1152 2868 factast
1176 2823 1220 2868 ex
1239 2804 1345 2869 viro.“

450 2910 499 2978 Of.
525 2910 616 2976 Trin.
641 2915 713 2979 904.
738 2912 858 2978 Pseud.
884 2915 961 2979 985:
987 2914 1125 2993 „haeret
1147 2916 1232 2981 haec
1254 2920 1345 2996 res“;

448 3022 570 3088 Pseud.
595 3025 672 3088 423:
702 3022 838 3099 „haeret
860 3023 926 3088 hoc
947 3025 1160 3110 negotium“;

452 3131 521 3200 Cic.
545 3134 586 3198 de
609 3132 712 3214 off.3,
731 3138 805 3200 117:
831 3137 910 3215 „sed
933 3156 1024 3222 aqua
1046 3139 1173 3220 haeret,
1197 3143 1235 3204 ut
1257 3141 1389 3219 aiunt“;

450 3244 519 3313 Cic.
544 3246 587 3311 ad
604 3245 721 3326 Quint.
745 3245 841 3313 fratr.
865 3251 895 3329 2,
919 3249 1012 3330 8(6),
1037 3254 1069 3315 2;
1099 3251 1154 3330 „in
1178 3251 1262 3316 haec
1285 3270 1389 3317 causa

975 3360 1061 3426 mihi
1084 3380 1174 3446 aqua
1196 3345 1344 3427 haeret“.

448 3468 617 3554 Deinceps
655 3470 700 3534 ad
737 3471 904 3537 sermonis
941 3470 1124 3538 familiaris
1158 3472 1314 3558 exempla
1350 3476 1388 3538 ut

362 3579 507 3660 veniam,
531 3583 570 3644 ut
590 3578 660 3644 fere
683 3580 718 3645 in
742 3581 901 3647 omnibus
924 3581 1051 3648 fabulis
1074 3582 1255 3665 Plautinis,
1279 3585 1329 3649 ita
1350 3585 1387 3649 in

362 3689 428 3754 hae
455 3708 590 3774 quoque
619 3694 699 3768 (vss.
724 3693 795 3757 542.
821 3692 896 3774 544)
927 3691 1090 3778 leguntur
1122 3696 1241 3760 verba:
1270 3715 1387 3775 „num-

361 3801 445 3886 quid
468 3801 574 3881 vis?“,
608 3821 695 3887 quae
727 3822 895 3888 personae
922 3824 1081 3870 scaenam
1103 3806 1286 3873 relicturae
1308 3827 1386 3893 pro-

361 3912 520 3977 nuntiare
543 3911 654 3978 solent
676 3911 732 3996 (cf.
749 3913 833 3978 Hor.
850 3917 912 3980 sat.
942 3923 967 3994 1,
993 3921 1022 3997 9,
1047 3921 1079 3982 6:
1103 3917 1228 3984 Donat.
1252 3920 1296 3984 ad
1312 3919 1385 3984 Ter.

361 4023 448 4089 Eun.
474 4028 503 4104 2,
526 4027 556 4105 3,
581 4028 646 4104 50).
692 4022 835 4110 Saepius
870 4029 981 4092 antem
1017 4048 1056 4093 ea
1089 4031 1133 4096 ab
1166 4029 1224 4111 iis,
1258 4031 1318 4116 qni
1351 4030 1387 4095 in
